Transaction ID,User ID,Transaction Date,Description,Category,Amount,Transaction Type,Account Balance
1,603,04-12-2023,Grocery shopping,Groceries,-201.9,Debit,1771.45
2,122,16-03-2024,Restaurant bill,Dining Out,49.02,Credit,1820.47
3,647,02-03-2024,Grocery shopping,Groceries,173.28,Credit,1993.75
4,234,07-12-2023,Doctor visit or medication,Healthcare,-429.01,Debit,1564.74
5,471,28-06-2024,Transferred to savings account,Savings,128.42,Credit,1693.16
6,77,26-04-2024,Movie or concert ticket,Entertainment,-94.09,Debit,1599.07
7,662,13-05-2024,Utility bill payment,Utilities,84.73,Credit,1683.8
8,908,18-06-2024,Restaurant bill,Dining Out,-420.56,Debit,1263.24
9,254,29-07-2024,Grocery shopping,Groceries,89.57,Credit,1352.81
10,412,12-02-2024,Utility bill payment,Utilities,495.27,Credit,1848.08
11,391,18-08-2023,Grocery shopping,Groceries,96.7,Credit,1944.78
12,580,14-05-2024,Movie or concert ticket,Entertainment,-164.42,Debit,1780.36
13,593,27-07-2024,Grocery shopping,Groceries,449.51,Credit,2229.87
14,674,03-06-2024,Restaurant bill,Dining Out,-273.32,Debit,1956.55
15,375,10-08-2024,Movie or concert ticket,Entertainment,-80.08,Debit,1876.47
16,780,17-04-2024,Doctor visit or medication,Healthcare,-406.75,Debit,1469.72
17,304,12-07-2024,Uber ride or fuel,Transport,351.08,Credit,1820.8
18,846,21-10-2023,Utility bill payment,Utilities,7.07,Credit,1827.87
19,572,08-11-2023,Transferred to savings account,Savings,323.22,Credit,2151.09
20,189,06-08-2024,Restaurant bill,Dining Out,-116.13,Debit,2034.96
21,626,17-07-2024,Transferred to savings account,Savings,-21.12,Debit,2013.84
22,731,09-12-2023,Grocery shopping,Groceries,275.14,Credit,2288.98
23,526,17-04-2024,Doctor visit or medication,Healthcare,-95.43,Debit,2193.55
24,307,05-11-2023,Grocery shopping,Groceries,-159.59,Debit,2033.96
25,83,28-04-2024,Transferred to savings account,Savings,247.48,Credit,2281.44
26,323,29-08-2023,Movie or concert ticket,Entertainment,9.28,Credit,2290.72
27,551,19-06-2024,Utility bill payment,Utilities,334.98,Credit,2625.7
28,857,13-06-2024,Utility bill payment,Utilities,-256.16,Debit,2369.54
29,894,11-07-2024,Movie or concert ticket,Entertainment,-246.31,Debit,2123.23
30,264,12-02-2024,Transferred to savings account,Savings,-430.68,Debit,1692.55
31,348,22-05-2024,Grocery shopping,Groceries,305.54,Credit,1998.09
32,870,11-02-2024,Grocery shopping,Groceries,354.21,Credit,2352.3
33,957,21-06-2024,Movie or concert ticket,Entertainment,-386.44,Debit,1965.86
34,756,30-06-2024,Uber ride or fuel,Transport,87.18,Credit,2053.04
35,91,19-02-2024,Movie or concert ticket,Entertainment,366.12,Credit,2419.16
36,668,22-02-2024,Grocery shopping,Groceries,-55.01,Debit,2364.15
37,345,14-09-2023,Grocery shopping,Groceries,-323.26,Debit,2040.89
38,389,20-08-2023,Doctor visit or medication,Healthcare,-410.35,Debit,1630.54
39,46,28-08-2023,Doctor visit or medication,Healthcare,-223.1,Debit,1407.44
40,759,02-11-2023,Doctor visit or medication,Healthcare,-347.21,Debit,1060.23
41,388,15-02-2024,Grocery shopping,Groceries,116.01,Credit,1176.24
42,888,03-11-2023,Doctor visit or medication,Healthcare,-442.69,Debit,733.55
43,169,13-11-2023,Transferred to savings account,Savings,-182.04,Debit,551.51
44,880,31-03-2024,Grocery shopping,Groceries,362.79,Credit,914.3
45,947,26-03-2024,Monthly rent payment,Rent,67,Credit,981.3
46,36,05-02-2024,Doctor visit or medication,Healthcare,-57.34,Debit,923.96
47,795,24-12-2023,Restaurant bill,Dining Out,298.35,Credit,1222.31
48,887,19-06-2024,Uber ride or fuel,Transport,-88.03,Debit,1134.28
49,739,01-11-2023,Transferred to savings account,Savings,40.14,Credit,1174.42
50,595,04-11-2023,Transferred to savings account,Savings,351.72,Credit,1526.14
51,436,29-08-2023,Movie or concert ticket,Entertainment,22.34,Credit,1548.48
52,183,30-03-2024,Transferred to savings account,Savings,-12.7,Debit,1535.78
53,721,10-11-2023,Utility bill payment,Utilities,273.81,Credit,1809.59
54,870,01-06-2024,Monthly rent payment,Rent,-40.93,Debit,1768.66
55,805,01-02-2024,Grocery shopping,Groceries,419.88,Credit,2188.54
56,83,08-04-2024,Movie or concert ticket,Entertainment,390.63,Credit,2579.17
57,639,10-02-2024,Restaurant bill,Dining Out,-130.26,Debit,2448.91
58,385,28-08-2023,Grocery shopping,Groceries,-471.52,Debit,1977.39
59,389,09-05-2024,Movie or concert ticket,Entertainment,340.72,Credit,2318.11
60,147,14-03-2024,Monthly rent payment,Rent,186.07,Credit,2504.18
61,148,02-09-2023,Doctor visit or medication,Healthcare,-162.5,Debit,2341.68
62,902,24-10-2023,Uber ride or fuel,Transport,-227.4,Debit,2114.28
63,41,29-12-2023,Transferred to savings account,Savings,274.68,Credit,2388.96
64,667,17-02-2024,Grocery shopping,Groceries,59.66,Credit,2448.62
65,47,27-11-2023,Utility bill payment,Utilities,80.87,Credit,2529.49
66,760,16-05-2024,Utility bill payment,Utilities,-260.52,Debit,2268.97
67,801,14-07-2024,Monthly rent payment,Rent,-209,Debit,2059.97
68,973,27-05-2024,Uber ride or fuel,Transport,389.49,Credit,2449.46
69,711,09-08-2024,Monthly rent payment,Rent,-483.12,Debit,1966.34
70,760,04-03-2024,Doctor visit or medication,Healthcare,129.28,Credit,2095.62
71,804,02-05-2024,Restaurant bill,Dining Out,-49.24,Debit,2046.38
72,903,19-08-2023,Transferred to savings account,Savings,106.24,Credit,2152.62
73,853,21-07-2024,Transferred to savings account,Savings,-70.78,Debit,2081.84
74,575,21-07-2024,Grocery shopping,Groceries,130.43,Credit,2212.27
75,821,24-08-2023,Grocery shopping,Groceries,268.38,Credit,2480.65
76,222,07-08-2024,Uber ride or fuel,Transport,431.98,Credit,2912.63
77,787,05-07-2024,Transferred to savings account,Savings,-69.71,Debit,2842.92
78,882,03-08-2024,Transferred to savings account,Savings,81.55,Credit,2924.47
79,516,20-07-2024,Movie or concert ticket,Entertainment,336.84,Credit,3261.31
80,868,19-08-2023,Doctor visit or medication,Healthcare,468.74,Credit,3730.05
81,688,30-06-2024,Utility bill payment,Utilities,-142.39,Debit,3587.66
82,291,12-04-2024,Utility bill payment,Utilities,-452.43,Debit,3135.23
83,802,07-11-2023,Monthly rent payment,Rent,-326.07,Debit,2809.16
84,605,11-10-2023,Uber ride or fuel,Transport,-210.99,Debit,2598.17
85,351,03-09-2023,Doctor visit or medication,Healthcare,-449.95,Debit,2148.22
86,141,15-05-2024,Doctor visit or medication,Healthcare,-197.88,Debit,1950.34
87,265,29-02-2024,Utility bill payment,Utilities,-51.16,Debit,1899.18
88,643,07-02-2024,Uber ride or fuel,Transport,-303.6,Debit,1595.58
89,49,21-04-2024,Transferred to savings account,Savings,284.55,Credit,1880.13
90,326,13-02-2024,Transferred to savings account,Savings,144.72,Credit,2024.85
91,62,15-02-2024,Grocery shopping,Groceries,291.5,Credit,2316.35
92,914,04-08-2024,Doctor visit or medication,Healthcare,53.25,Credit,2369.6
93,295,01-06-2024,Grocery shopping,Groceries,-189.08,Debit,2180.52
94,13,07-11-2023,Transferred to savings account,Savings,227.22,Credit,2407.74
95,307,31-07-2024,Utility bill payment,Utilities,-399.21,Debit,2008.53
96,486,19-08-2023,Monthly rent payment,Rent,-219.55,Debit,1788.98
97,710,13-02-2024,Doctor visit or medication,Healthcare,126.61,Credit,1915.59
98,60,05-04-2024,Utility bill payment,Utilities,319.12,Credit,2234.71
99,624,25-07-2024,Movie or concert ticket,Entertainment,-43.27,Debit,2191.44
100,241,17-08-2023,Restaurant bill,Dining Out,-415.66,Debit,1775.78
101,205,05-05-2024,Movie or concert ticket,Entertainment,-304.11,Debit,1471.67
102,654,18-12-2023,Utility bill payment,Utilities,84.24,Credit,1555.91
103,549,17-10-2023,Utility bill payment,Utilities,60.92,Credit,1616.83
104,143,17-02-2024,Doctor visit or medication,Healthcare,84.87,Credit,1701.7
105,70,19-04-2024,Doctor visit or medication,Healthcare,315.01,Credit,2016.71
106,488,28-08-2023,Uber ride or fuel,Transport,356.73,Credit,2373.44
107,291,13-05-2024,Restaurant bill,Dining Out,-348.69,Debit,2024.75
108,966,01-12-2023,Restaurant bill,Dining Out,297.44,Credit,2322.19
109,918,02-07-2024,Transferred to savings account,Savings,135.07,Credit,2457.26
110,309,04-05-2024,Transferred to savings account,Savings,338.01,Credit,2795.27
111,300,07-05-2024,Doctor visit or medication,Healthcare,120.62,Credit,2915.89
112,500,10-05-2024,Doctor visit or medication,Healthcare,-150.46,Debit,2765.43
113,989,05-08-2024,Grocery shopping,Groceries,-169.85,Debit,2595.58
114,646,10-05-2024,Uber ride or fuel,Transport,-141.48,Debit,2454.1
115,177,23-10-2023,Doctor visit or medication,Healthcare,-329.23,Debit,2124.87
116,194,03-03-2024,Utility bill payment,Utilities,-449.73,Debit,1675.14
117,206,06-02-2024,Monthly rent payment,Rent,-337.42,Debit,1337.72
118,99,20-11-2023,Restaurant bill,Dining Out,-244.35,Debit,1093.37
119,339,19-11-2023,Utility bill payment,Utilities,137.78,Credit,1231.15
120,526,21-05-2024,Restaurant bill,Dining Out,56.58,Credit,1287.73
121,70,10-08-2024,Doctor visit or medication,Healthcare,20.18,Credit,1307.91
122,113,30-08-2023,Movie or concert ticket,Entertainment,356.22,Credit,1664.13
123,593,26-06-2024,Movie or concert ticket,Entertainment,-250.46,Debit,1413.67
124,150,26-04-2024,Restaurant bill,Dining Out,97.93,Credit,1511.6
125,649,03-02-2024,Monthly rent payment,Rent,-236.07,Debit,1275.53
126,835,27-02-2024,Doctor visit or medication,Healthcare,286.9,Credit,1562.43
127,82,19-02-2024,Monthly rent payment,Rent,-383.05,Debit,1179.38
128,55,06-04-2024,Utility bill payment,Utilities,279.92,Credit,1459.3
129,980,25-11-2023,Grocery shopping,Groceries,183.63,Credit,1642.93
130,309,03-07-2024,Doctor visit or medication,Healthcare,356.8,Credit,1999.73
131,953,07-07-2024,Uber ride or fuel,Transport,270.9,Credit,2270.63
132,673,27-10-2023,Restaurant bill,Dining Out,-129.14,Debit,2141.49
133,965,05-04-2024,Utility bill payment,Utilities,-21.83,Debit,2119.66
134,935,07-04-2024,Grocery shopping,Groceries,233.56,Credit,2353.22
135,860,09-08-2024,Restaurant bill,Dining Out,-116.52,Debit,2236.7
136,218,11-01-2024,Doctor visit or medication,Healthcare,199.98,Credit,2436.68
137,208,03-12-2023,Utility bill payment,Utilities,-93.1,Debit,2343.58
138,847,17-03-2024,Restaurant bill,Dining Out,-38.92,Debit,2304.66
139,936,05-01-2024,Transferred to savings account,Savings,-325.25,Debit,1979.41
140,502,06-01-2024,Grocery shopping,Groceries,-60.39,Debit,1919.02
141,337,29-06-2024,Transferred to savings account,Savings,363.96,Credit,2282.98
142,268,13-03-2024,Utility bill payment,Utilities,188.18,Credit,2471.16
143,604,05-04-2024,Monthly rent payment,Rent,-441.8,Debit,2029.36
144,245,20-10-2023,Movie or concert ticket,Entertainment,-230.84,Debit,1798.52
145,548,05-03-2024,Transferred to savings account,Savings,-316.01,Debit,1482.51
146,130,26-06-2024,Transferred to savings account,Savings,-349.52,Debit,1132.99
147,912,18-04-2024,Uber ride or fuel,Transport,267.13,Credit,1400.12
148,660,02-03-2024,Restaurant bill,Dining Out,-360.04,Debit,1040.08
149,968,10-02-2024,Movie or concert ticket,Entertainment,353.06,Credit,1393.14
150,783,01-12-2023,Movie or concert ticket,Entertainment,-193.46,Debit,1199.68
151,860,29-12-2023,Uber ride or fuel,Transport,-485,Debit,714.68
152,466,30-03-2024,Utility bill payment,Utilities,93.88,Credit,808.56
153,535,09-08-2024,Restaurant bill,Dining Out,-479.39,Debit,329.17
154,796,11-01-2024,Grocery shopping,Groceries,-208.57,Debit,120.6
155,455,07-11-2023,Uber ride or fuel,Transport,-429.82,Debit,550.42
156,687,16-12-2023,Utility bill payment,Utilities,-70.36,Debit,480.06
157,803,13-03-2024,Transferred to savings account,Savings,41.64,Credit,521.7
158,514,25-02-2024,Grocery shopping,Groceries,152.47,Credit,674.17
159,357,09-01-2024,Uber ride or fuel,Transport,-264.15,Debit,410.02
160,926,07-01-2024,Utility bill payment,Utilities,-497.86,Debit,907.88
161,692,26-09-2023,Movie or concert ticket,Entertainment,42.29,Credit,950.17
162,23,05-07-2024,Utility bill payment,Utilities,-36.52,Debit,913.65
163,489,23-05-2024,Uber ride or fuel,Transport,-106.65,Debit,807
164,630,12-02-2024,Monthly rent payment,Rent,49.26,Credit,856.26
165,237,15-08-2023,Transferred to savings account,Savings,309.92,Credit,1166.18
166,345,21-08-2023,Monthly rent payment,Rent,-18.27,Debit,1147.91
167,64,17-08-2023,Grocery shopping,Groceries,296.07,Credit,1443.98
168,533,03-06-2024,Movie or concert ticket,Entertainment,-218.71,Debit,1225.27
169,125,08-12-2023,Utility bill payment,Utilities,-488.94,Debit,736.33
170,917,05-06-2024,Monthly rent payment,Rent,-65.83,Debit,670.5
171,59,28-12-2023,Monthly rent payment,Rent,-220.24,Debit,450.26
172,353,16-03-2024,Transferred to savings account,Savings,257.94,Credit,708.2
173,376,17-07-2024,Movie or concert ticket,Entertainment,-310.61,Debit,397.59
174,76,24-03-2024,Doctor visit or medication,Healthcare,302.67,Credit,700.26
175,183,23-04-2024,Uber ride or fuel,Transport,-5.65,Debit,694.61
176,834,08-09-2023,Doctor visit or medication,Healthcare,-60.18,Debit,634.43
177,525,13-11-2023,Utility bill payment,Utilities,320.93,Credit,955.36
178,768,29-08-2023,Doctor visit or medication,Healthcare,412.51,Credit,1367.87
179,574,14-10-2023,Monthly rent payment,Rent,102.47,Credit,1470.34
180,950,28-06-2024,Restaurant bill,Dining Out,406.34,Credit,1876.68
181,691,15-04-2024,Restaurant bill,Dining Out,-152.83,Debit,1723.85
182,818,17-03-2024,Doctor visit or medication,Healthcare,-275.16,Debit,1448.69
183,488,23-10-2023,Utility bill payment,Utilities,-25.09,Debit,1423.6
184,738,19-12-2023,Grocery shopping,Groceries,96.68,Credit,1520.28
185,101,26-08-2023,Monthly rent payment,Rent,-219.44,Debit,1300.84
186,889,15-11-2023,Grocery shopping,Groceries,-409.36,Debit,891.48
187,884,01-02-2024,Utility bill payment,Utilities,-125.61,Debit,765.87
188,731,11-06-2024,Utility bill payment,Utilities,183.38,Credit,949.25
189,682,10-03-2024,Utility bill payment,Utilities,20.51,Credit,969.76
190,154,14-08-2023,Monthly rent payment,Rent,228.23,Credit,1197.99
191,109,21-03-2024,Movie or concert ticket,Entertainment,-83.74,Debit,1114.25
192,271,06-02-2024,Restaurant bill,Dining Out,272.81,Credit,1387.06
193,332,22-11-2023,Movie or concert ticket,Entertainment,37.67,Credit,1424.73
194,913,15-03-2024,Monthly rent payment,Rent,-384.77,Debit,1039.96
195,924,29-05-2024,Uber ride or fuel,Transport,-379.09,Debit,660.87
196,688,17-08-2023,Movie or concert ticket,Entertainment,392.06,Credit,1052.93
197,576,06-03-2024,Monthly rent payment,Rent,168.87,Credit,1221.8
198,971,18-08-2023,Movie or concert ticket,Entertainment,-188.19,Debit,1033.61
199,571,29-05-2024,Transferred to savings account,Savings,-101.26,Debit,932.35
200,887,15-06-2024,Movie or concert ticket,Entertainment,392.53,Credit,1324.88
201,831,08-11-2023,Uber ride or fuel,Transport,-79.05,Debit,1245.83
202,95,08-06-2024,Restaurant bill,Dining Out,254.86,Credit,1500.69
203,355,17-12-2023,Utility bill payment,Utilities,-235.68,Debit,1265.01
204,977,16-11-2023,Grocery shopping,Groceries,484.97,Credit,1749.98
205,138,11-11-2023,Movie or concert ticket,Entertainment,-264.53,Debit,1485.45
206,356,02-03-2024,Transferred to savings account,Savings,14.29,Credit,1499.74
207,285,03-09-2023,Transferred to savings account,Savings,-123.84,Debit,1375.9
208,329,25-02-2024,Movie or concert ticket,Entertainment,-429.03,Debit,946.87
209,672,29-08-2023,Transferred to savings account,Savings,470.32,Credit,1417.19
210,509,01-08-2024,Movie or concert ticket,Entertainment,-13.13,Debit,1404.06
211,747,22-12-2023,Transferred to savings account,Savings,-496.39,Debit,907.67
212,147,28-03-2024,Transferred to savings account,Savings,447.06,Credit,1354.73
213,316,07-02-2024,Restaurant bill,Dining Out,-278.57,Debit,1076.16
214,181,30-03-2024,Movie or concert ticket,Entertainment,-322.58,Debit,753.58
215,71,13-04-2024,Monthly rent payment,Rent,403.65,Credit,1157.23
216,727,17-03-2024,Grocery shopping,Groceries,-422.04,Debit,735.19
217,336,08-03-2024,Transferred to savings account,Savings,367.87,Credit,1103.06
218,807,16-03-2024,Grocery shopping,Groceries,492.94,Credit,1596
219,477,02-09-2023,Doctor visit or medication,Healthcare,-24.6,Debit,1571.4
220,623,14-05-2024,Movie or concert ticket,Entertainment,19.3,Credit,1590.7
221,208,04-04-2024,Uber ride or fuel,Transport,-57.44,Debit,1533.26
222,561,04-06-2024,Grocery shopping,Groceries,435.48,Credit,1968.74
223,159,18-05-2024,Uber ride or fuel,Transport,171.05,Credit,2139.79
224,344,29-10-2023,Utility bill payment,Utilities,-114.93,Debit,2024.86
225,594,03-07-2024,Movie or concert ticket,Entertainment,128.05,Credit,2152.91
226,36,07-08-2024,Monthly rent payment,Rent,96.33,Credit,2249.24
227,59,14-08-2023,Monthly rent payment,Rent,67.47,Credit,2316.71
228,964,14-01-2024,Doctor visit or medication,Healthcare,-255.12,Debit,2061.59
229,596,08-08-2024,Utility bill payment,Utilities,-173.23,Debit,1888.36
230,613,14-03-2024,Movie or concert ticket,Entertainment,89.37,Credit,1977.73
231,978,07-12-2023,Transferred to savings account,Savings,-126.45,Debit,1851.28
232,301,08-10-2023,Restaurant bill,Dining Out,58.1,Credit,1909.38
233,576,26-03-2024,Utility bill payment,Utilities,486.84,Credit,2396.22
234,475,22-06-2024,Grocery shopping,Groceries,-199.98,Debit,2196.24
235,822,22-01-2024,Grocery shopping,Groceries,47.33,Credit,2243.57
236,921,14-07-2024,Monthly rent payment,Rent,213.14,Credit,2456.71
237,843,08-10-2023,Doctor visit or medication,Healthcare,-81.3,Debit,2375.41
238,121,27-11-2023,Doctor visit or medication,Healthcare,49.48,Credit,2424.89
239,610,15-03-2024,Grocery shopping,Groceries,-28.07,Debit,2396.82
240,58,29-09-2023,Utility bill payment,Utilities,-89.21,Debit,2307.61
241,503,01-03-2024,Uber ride or fuel,Transport,-85.84,Debit,2221.77
242,258,04-09-2023,Uber ride or fuel,Transport,-40.76,Debit,2181.01
243,81,20-01-2024,Transferred to savings account,Savings,-366.13,Debit,1814.88
244,654,03-08-2024,Doctor visit or medication,Healthcare,140.42,Credit,1955.3
245,427,07-03-2024,Restaurant bill,Dining Out,-246.52,Debit,1708.78
246,161,28-06-2024,Utility bill payment,Utilities,234.61,Credit,1943.39
247,526,20-11-2023,Uber ride or fuel,Transport,-202.96,Debit,1740.43
248,912,29-07-2024,Utility bill payment,Utilities,-177.26,Debit,1563.17
249,653,05-01-2024,Doctor visit or medication,Healthcare,108.41,Credit,1671.58
250,517,06-12-2023,Utility bill payment,Utilities,-66.96,Debit,1604.62
251,231,28-02-2024,Doctor visit or medication,Healthcare,194.01,Credit,1798.63
252,547,17-12-2023,Movie or concert ticket,Entertainment,-215.38,Debit,1583.25
253,805,22-09-2023,Restaurant bill,Dining Out,-177.19,Debit,1406.06
254,974,20-11-2023,Restaurant bill,Dining Out,472.68,Credit,1878.74
255,900,21-09-2023,Monthly rent payment,Rent,224.18,Credit,2102.92
256,755,22-12-2023,Transferred to savings account,Savings,-452.04,Debit,1650.88
257,351,12-09-2023,Utility bill payment,Utilities,121.98,Credit,1772.86
258,849,28-12-2023,Monthly rent payment,Rent,377.59,Credit,2150.45
259,597,01-03-2024,Monthly rent payment,Rent,388.16,Credit,2538.61
260,907,27-11-2023,Transferred to savings account,Savings,128.25,Credit,2666.86
261,879,19-03-2024,Movie or concert ticket,Entertainment,487.59,Credit,3154.45
262,660,09-04-2024,Restaurant bill,Dining Out,457.13,Credit,3611.58
263,983,20-01-2024,Restaurant bill,Dining Out,195.42,Credit,3807
264,289,10-10-2023,Restaurant bill,Dining Out,-295.56,Debit,3511.44
265,101,31-07-2024,Monthly rent payment,Rent,-407.55,Debit,3103.89
266,128,20-08-2023,Restaurant bill,Dining Out,44.73,Credit,3148.62
267,637,18-11-2023,Movie or concert ticket,Entertainment,460.44,Credit,3609.06
268,532,16-02-2024,Utility bill payment,Utilities,-279.33,Debit,3329.73
269,695,10-03-2024,Monthly rent payment,Rent,-210.32,Debit,3119.41
270,224,22-11-2023,Restaurant bill,Dining Out,207.49,Credit,3326.9
271,794,03-07-2024,Doctor visit or medication,Healthcare,122.31,Credit,3449.21
272,871,19-12-2023,Transferred to savings account,Savings,147.66,Credit,3596.87
273,929,11-10-2023,Uber ride or fuel,Transport,-483.76,Debit,3113.11
274,343,13-08-2023,Grocery shopping,Groceries,218.48,Credit,3331.59
275,436,23-04-2024,Doctor visit or medication,Healthcare,-263.75,Debit,3067.84
276,859,12-10-2023,Doctor visit or medication,Healthcare,459.46,Credit,3527.3
277,884,12-06-2024,Grocery shopping,Groceries,336.57,Credit,3863.87
278,311,19-12-2023,Monthly rent payment,Rent,471.9,Credit,4335.77
279,399,13-04-2024,Transferred to savings account,Savings,459.69,Credit,4795.46
280,761,01-08-2024,Doctor visit or medication,Healthcare,-150.38,Debit,4645.08
281,445,27-05-2024,Transferred to savings account,Savings,189.18,Credit,4834.26
282,989,20-10-2023,Monthly rent payment,Rent,238.89,Credit,5073.15
283,538,05-10-2023,Uber ride or fuel,Transport,-11.67,Debit,5061.48
284,213,27-02-2024,Utility bill payment,Utilities,73.42,Credit,5134.9
285,854,02-11-2023,Transferred to savings account,Savings,-468.45,Debit,4666.45
286,852,16-10-2023,Transferred to savings account,Savings,201.12,Credit,4867.57
287,703,17-02-2024,Doctor visit or medication,Healthcare,-392.36,Debit,4475.21
288,121,07-11-2023,Grocery shopping,Groceries,370.37,Credit,4845.58
289,725,15-08-2023,Grocery shopping,Groceries,-121.35,Debit,4724.23
290,230,08-05-2024,Monthly rent payment,Rent,331.11,Credit,5055.34
291,306,28-06-2024,Monthly rent payment,Rent,-371.74,Debit,4683.6
292,46,06-11-2023,Transferred to savings account,Savings,-126.7,Debit,4556.9
293,872,14-02-2024,Movie or concert ticket,Entertainment,380.22,Credit,4937.12
294,450,20-08-2023,Doctor visit or medication,Healthcare,206.87,Credit,5143.99
295,348,04-08-2024,Movie or concert ticket,Entertainment,316.86,Credit,5460.85
296,56,17-02-2024,Utility bill payment,Utilities,271.92,Credit,5732.77
297,144,14-04-2024,Uber ride or fuel,Transport,75.71,Credit,5808.48
298,174,01-01-2024,Uber ride or fuel,Transport,294.16,Credit,6102.64
299,950,21-09-2023,Movie or concert ticket,Entertainment,-334.19,Debit,5768.45
300,379,11-05-2024,Uber ride or fuel,Transport,-210.32,Debit,5558.13
301,740,22-12-2023,Restaurant bill,Dining Out,47.26,Credit,5605.39
302,868,17-12-2023,Restaurant bill,Dining Out,346.43,Credit,5951.82
303,979,26-02-2024,Doctor visit or medication,Healthcare,213.39,Credit,6165.21
304,951,13-09-2023,Grocery shopping,Groceries,384.91,Credit,6550.12
305,519,23-10-2023,Doctor visit or medication,Healthcare,181.41,Credit,6731.53
306,852,15-01-2024,Transferred to savings account,Savings,-266.92,Debit,6464.61
307,547,28-05-2024,Grocery shopping,Groceries,-250.38,Debit,6214.23
308,949,21-03-2024,Grocery shopping,Groceries,233.77,Credit,6448
309,854,25-04-2024,Movie or concert ticket,Entertainment,349.7,Credit,6797.7
310,42,16-03-2024,Monthly rent payment,Rent,-498.34,Debit,6299.36
311,394,05-02-2024,Movie or concert ticket,Entertainment,39.12,Credit,6338.48
312,691,11-03-2024,Grocery shopping,Groceries,-425.13,Debit,5913.35
313,695,29-02-2024,Grocery shopping,Groceries,210.97,Credit,6124.32
314,966,15-10-2023,Restaurant bill,Dining Out,77.5,Credit,6201.82
315,704,25-08-2023,Grocery shopping,Groceries,82.81,Credit,6284.63
316,831,29-07-2024,Transferred to savings account,Savings,431.16,Credit,6715.79
317,80,15-05-2024,Grocery shopping,Groceries,285.35,Credit,7001.14
318,330,29-01-2024,Utility bill payment,Utilities,153.18,Credit,7154.32
319,232,18-02-2024,Grocery shopping,Groceries,-98.04,Debit,7056.28
320,662,11-10-2023,Restaurant bill,Dining Out,462.13,Credit,7518.41
321,148,26-10-2023,Movie or concert ticket,Entertainment,62.61,Credit,7581.02
322,537,03-04-2024,Monthly rent payment,Rent,-43.26,Debit,7537.76
323,332,18-04-2024,Monthly rent payment,Rent,-224.04,Debit,7313.72
324,679,03-03-2024,Movie or concert ticket,Entertainment,58.11,Credit,7371.83
325,273,19-06-2024,Transferred to savings account,Savings,462.89,Credit,7834.72
326,260,11-07-2024,Doctor visit or medication,Healthcare,-66,Debit,7768.72
327,113,27-04-2024,Utility bill payment,Utilities,-438.06,Debit,7330.66
328,587,12-10-2023,Movie or concert ticket,Entertainment,211.28,Credit,7541.94
329,259,22-02-2024,Movie or concert ticket,Entertainment,352.63,Credit,7894.57
330,752,24-10-2023,Movie or concert ticket,Entertainment,333.26,Credit,8227.83
331,75,05-03-2024,Restaurant bill,Dining Out,-356.78,Debit,7871.05
332,753,27-10-2023,Grocery shopping,Groceries,-173.74,Debit,7697.31
333,678,30-08-2023,Uber ride or fuel,Transport,308.7,Credit,8006.01
334,300,15-12-2023,Monthly rent payment,Rent,495.75,Credit,8501.76
335,683,07-10-2023,Uber ride or fuel,Transport,-263.44,Debit,8238.32
336,157,25-02-2024,Uber ride or fuel,Transport,-318.58,Debit,7919.74
337,722,10-10-2023,Restaurant bill,Dining Out,366.09,Credit,8285.83
338,370,09-06-2024,Monthly rent payment,Rent,-338.12,Debit,7947.71
339,119,05-12-2023,Movie or concert ticket,Entertainment,-482.52,Debit,7465.19
340,628,22-12-2023,Movie or concert ticket,Entertainment,376.13,Credit,7841.32
341,679,05-10-2023,Grocery shopping,Groceries,191,Credit,8032.32
342,938,13-09-2023,Monthly rent payment,Rent,-264.83,Debit,7767.49
343,554,06-04-2024,Utility bill payment,Utilities,191.79,Credit,7959.28
344,41,31-07-2024,Movie or concert ticket,Entertainment,-269.91,Debit,7689.37
345,380,04-05-2024,Utility bill payment,Utilities,454.11,Credit,8143.48
346,805,21-11-2023,Uber ride or fuel,Transport,-290.3,Debit,7853.18
347,164,13-01-2024,Restaurant bill,Dining Out,-247.31,Debit,7605.87
348,1000,22-09-2023,Utility bill payment,Utilities,340.17,Credit,7946.04
349,987,22-11-2023,Uber ride or fuel,Transport,-277.23,Debit,7668.81
350,142,31-05-2024,Doctor visit or medication,Healthcare,299.21,Credit,7968.02
351,845,15-03-2024,Doctor visit or medication,Healthcare,-61.71,Debit,7906.31
352,691,03-06-2024,Utility bill payment,Utilities,-13.16,Debit,7893.15
353,315,11-02-2024,Uber ride or fuel,Transport,10.1,Credit,7903.25
354,171,20-02-2024,Restaurant bill,Dining Out,-82.86,Debit,7820.39
355,50,09-03-2024,Doctor visit or medication,Healthcare,219.92,Credit,8040.31
356,559,12-02-2024,Utility bill payment,Utilities,378.24,Credit,8418.55
357,577,06-04-2024,Grocery shopping,Groceries,-484.97,Debit,7933.58
358,953,29-08-2023,Monthly rent payment,Rent,359.95,Credit,8293.53
359,944,09-03-2024,Doctor visit or medication,Healthcare,447.46,Credit,8740.99
360,136,10-03-2024,Movie or concert ticket,Entertainment,367.47,Credit,9108.46
361,873,21-02-2024,Doctor visit or medication,Healthcare,117.43,Credit,9225.89
362,500,07-11-2023,Utility bill payment,Utilities,258.4,Credit,9484.29
363,242,27-09-2023,Grocery shopping,Groceries,385.15,Credit,9869.44
364,437,03-09-2023,Utility bill payment,Utilities,161.23,Credit,10030.67
365,553,05-12-2023,Grocery shopping,Groceries,421.38,Credit,10452.05
366,454,07-03-2024,Monthly rent payment,Rent,112.63,Credit,10564.68
367,72,21-12-2023,Restaurant bill,Dining Out,493.01,Credit,11057.69
368,542,02-11-2023,Utility bill payment,Utilities,-117.5,Debit,10940.19
369,732,08-04-2024,Doctor visit or medication,Healthcare,350.77,Credit,11290.96
370,102,26-08-2023,Movie or concert ticket,Entertainment,280.67,Credit,11571.63
371,454,10-08-2024,Movie or concert ticket,Entertainment,222.75,Credit,11794.38
372,869,21-12-2023,Monthly rent payment,Rent,-139.92,Debit,11654.46
373,284,05-04-2024,Movie or concert ticket,Entertainment,-166.32,Debit,11488.14
374,554,17-03-2024,Transferred to savings account,Savings,-400.93,Debit,11087.21
375,57,14-02-2024,Doctor visit or medication,Healthcare,-87.26,Debit,10999.95
376,765,03-11-2023,Uber ride or fuel,Transport,57.63,Credit,11057.58
377,580,02-02-2024,Doctor visit or medication,Healthcare,-194.5,Debit,10863.08
378,340,23-12-2023,Movie or concert ticket,Entertainment,35.58,Credit,10898.66
379,646,21-11-2023,Grocery shopping,Groceries,-8.28,Debit,10890.38
380,428,10-02-2024,Transferred to savings account,Savings,210.13,Credit,11100.51
381,439,03-10-2023,Restaurant bill,Dining Out,450.07,Credit,11550.58
382,168,18-07-2024,Movie or concert ticket,Entertainment,-435.15,Debit,11115.43
383,915,06-12-2023,Transferred to savings account,Savings,429.31,Credit,11544.74
384,610,26-02-2024,Transferred to savings account,Savings,459.62,Credit,12004.36
385,659,02-01-2024,Uber ride or fuel,Transport,72.91,Credit,12077.27
386,892,23-11-2023,Grocery shopping,Groceries,482.5,Credit,12559.77
387,860,29-04-2024,Movie or concert ticket,Entertainment,153.76,Credit,12713.53
388,458,23-02-2024,Uber ride or fuel,Transport,-115.78,Debit,12597.75
389,724,16-09-2023,Monthly rent payment,Rent,461.61,Credit,13059.36
390,378,03-10-2023,Uber ride or fuel,Transport,337.41,Credit,13396.77
391,884,19-04-2024,Restaurant bill,Dining Out,-440.26,Debit,12956.51
392,572,27-11-2023,Uber ride or fuel,Transport,113.27,Credit,13069.78
393,95,08-03-2024,Uber ride or fuel,Transport,-458.51,Debit,12611.27
394,96,26-10-2023,Movie or concert ticket,Entertainment,379.43,Credit,12990.7
395,167,30-04-2024,Uber ride or fuel,Transport,208.47,Credit,13199.17
396,99,25-02-2024,Doctor visit or medication,Healthcare,-49.56,Debit,13149.61
397,846,25-10-2023,Uber ride or fuel,Transport,166.89,Credit,13316.5
398,619,11-01-2024,Restaurant bill,Dining Out,-202.85,Debit,13113.65
399,611,24-08-2023,Transferred to savings account,Savings,-412.19,Debit,12701.46
400,233,03-08-2024,Uber ride or fuel,Transport,14.73,Credit,12716.19
401,432,12-08-2024,Transferred to savings account,Savings,-400.9,Debit,12315.29
402,179,19-10-2023,Transferred to savings account,Savings,444.86,Credit,12760.15
403,840,03-12-2023,Uber ride or fuel,Transport,-489.61,Debit,12270.54
404,796,26-08-2023,Grocery shopping,Groceries,-219.97,Debit,12050.57
405,520,24-09-2023,Transferred to savings account,Savings,477.44,Credit,12528.01
406,332,21-10-2023,Grocery shopping,Groceries,-344.84,Debit,12183.17
407,338,01-06-2024,Grocery shopping,Groceries,423.76,Credit,12606.93
408,849,07-09-2023,Doctor visit or medication,Healthcare,-181.12,Debit,12425.81
409,16,25-11-2023,Restaurant bill,Dining Out,-424.19,Debit,12001.62
410,247,16-01-2024,Monthly rent payment,Rent,-28.44,Debit,11973.18
411,829,26-11-2023,Utility bill payment,Utilities,-13.92,Debit,11959.26
412,455,29-05-2024,Uber ride or fuel,Transport,-210.76,Debit,11748.5
413,744,19-11-2023,Movie or concert ticket,Entertainment,351.6,Credit,12100.1
414,369,31-08-2023,Movie or concert ticket,Entertainment,242.77,Credit,12342.87
415,198,22-03-2024,Grocery shopping,Groceries,21.29,Credit,12364.16
416,771,29-03-2024,Utility bill payment,Utilities,-302.48,Debit,12061.68
417,549,29-09-2023,Uber ride or fuel,Transport,324.85,Credit,12386.53
418,909,05-05-2024,Transferred to savings account,Savings,225.62,Credit,12612.15
419,303,24-08-2023,Uber ride or fuel,Transport,341.32,Credit,12953.47
420,628,28-06-2024,Utility bill payment,Utilities,253.93,Credit,13207.4
421,603,28-11-2023,Grocery shopping,Groceries,356.18,Credit,13563.58
422,188,01-09-2023,Restaurant bill,Dining Out,-257.92,Debit,13305.66
423,522,19-12-2023,Transferred to savings account,Savings,60.26,Credit,13365.92
424,351,15-09-2023,Uber ride or fuel,Transport,-82.88,Debit,13283.04
425,201,31-05-2024,Utility bill payment,Utilities,281.91,Credit,13564.95
426,564,03-06-2024,Restaurant bill,Dining Out,400.67,Credit,13965.62
427,67,05-04-2024,Doctor visit or medication,Healthcare,117.03,Credit,14082.65
428,628,19-02-2024,Movie or concert ticket,Entertainment,374.59,Credit,14457.24
429,212,24-06-2024,Doctor visit or medication,Healthcare,-213.88,Debit,14243.36
430,93,27-03-2024,Uber ride or fuel,Transport,-333.65,Debit,13909.71
431,759,25-02-2024,Utility bill payment,Utilities,-341.98,Debit,13567.73
432,55,09-12-2023,Uber ride or fuel,Transport,301.8,Credit,13869.53
433,100,14-03-2024,Uber ride or fuel,Transport,-344.65,Debit,13524.88
434,31,01-09-2023,Doctor visit or medication,Healthcare,223.14,Credit,13748.02
435,981,08-09-2023,Doctor visit or medication,Healthcare,-415.18,Debit,13332.84
436,740,30-12-2023,Utility bill payment,Utilities,99.25,Credit,13432.09
437,454,26-09-2023,Grocery shopping,Groceries,458.83,Credit,13890.92
438,266,23-04-2024,Transferred to savings account,Savings,86.54,Credit,13977.46
439,390,31-12-2023,Grocery shopping,Groceries,-434.56,Debit,13542.9
440,1,28-01-2024,Utility bill payment,Utilities,175.03,Credit,13717.93
441,638,17-11-2023,Uber ride or fuel,Transport,-437.97,Debit,13279.96
442,612,09-05-2024,Transferred to savings account,Savings,-389.49,Debit,12890.47
443,483,25-02-2024,Uber ride or fuel,Transport,-27.15,Debit,12863.32
444,995,23-08-2023,Movie or concert ticket,Entertainment,-204.43,Debit,12658.89
445,636,12-07-2024,Uber ride or fuel,Transport,-194.92,Debit,12463.97
446,165,19-01-2024,Utility bill payment,Utilities,-467.9,Debit,11996.07
447,495,20-12-2023,Utility bill payment,Utilities,-215.93,Debit,11780.14
448,401,22-04-2024,Uber ride or fuel,Transport,140.97,Credit,11921.11
449,539,11-01-2024,Doctor visit or medication,Healthcare,279.26,Credit,12200.37
450,693,09-02-2024,Transferred to savings account,Savings,206.96,Credit,12407.33
451,381,24-07-2024,Uber ride or fuel,Transport,146.96,Credit,12554.29
452,125,01-02-2024,Transferred to savings account,Savings,436.89,Credit,12991.18
453,870,12-11-2023,Uber ride or fuel,Transport,362.25,Credit,13353.43
454,66,10-03-2024,Transferred to savings account,Savings,284.95,Credit,13638.38
455,774,09-02-2024,Utility bill payment,Utilities,67.78,Credit,13706.16
456,368,23-11-2023,Utility bill payment,Utilities,306.79,Credit,14012.95
457,246,02-11-2023,Grocery shopping,Groceries,38.93,Credit,14051.88
458,164,28-02-2024,Uber ride or fuel,Transport,-81.38,Debit,13970.5
459,545,13-12-2023,Uber ride or fuel,Transport,-26.54,Debit,13943.96
460,871,28-04-2024,Transferred to savings account,Savings,433.64,Credit,14377.6
461,1,14-05-2024,Transferred to savings account,Savings,-165.11,Debit,14212.49
462,665,26-06-2024,Doctor visit or medication,Healthcare,-337.39,Debit,13875.1
463,879,07-04-2024,Doctor visit or medication,Healthcare,152.41,Credit,14027.51
464,57,08-11-2023,Movie or concert ticket,Entertainment,-38.39,Debit,13989.12
465,953,25-03-2024,Utility bill payment,Utilities,188.8,Credit,14177.92
466,707,25-03-2024,Utility bill payment,Utilities,197.53,Credit,14375.45
467,591,15-11-2023,Grocery shopping,Groceries,-362.86,Debit,14012.59
468,781,24-03-2024,Utility bill payment,Utilities,77.32,Credit,14089.91
469,737,05-04-2024,Doctor visit or medication,Healthcare,-55.8,Debit,14034.11
470,655,18-03-2024,Monthly rent payment,Rent,-339.49,Debit,13694.62
471,252,17-08-2023,Transferred to savings account,Savings,162.34,Credit,13856.96
472,898,26-06-2024,Doctor visit or medication,Healthcare,-46.24,Debit,13810.72
473,263,01-01-2024,Restaurant bill,Dining Out,492.49,Credit,14303.21
474,212,11-09-2023,Movie or concert ticket,Entertainment,450.51,Credit,14753.72
475,439,16-11-2023,Grocery shopping,Groceries,-6.25,Debit,14747.47
476,633,27-02-2024,Monthly rent payment,Rent,-422.45,Debit,14325.02
477,360,09-09-2023,Monthly rent payment,Rent,-58.44,Debit,14266.58
478,67,30-11-2023,Movie or concert ticket,Entertainment,306.75,Credit,14573.33
479,469,18-06-2024,Restaurant bill,Dining Out,423.19,Credit,14996.52
480,46,15-08-2023,Monthly rent payment,Rent,23.01,Credit,15019.53
481,483,12-10-2023,Restaurant bill,Dining Out,-14.22,Debit,15005.31
482,320,11-06-2024,Uber ride or fuel,Transport,252.07,Credit,15257.38
483,993,16-11-2023,Transferred to savings account,Savings,-108.31,Debit,15149.07
484,295,26-07-2024,Movie or concert ticket,Entertainment,253.7,Credit,15402.77
485,913,04-04-2024,Uber ride or fuel,Transport,-212.39,Debit,15190.38
486,721,11-09-2023,Utility bill payment,Utilities,-350.34,Debit,14840.04
487,83,04-09-2023,Transferred to savings account,Savings,85.93,Credit,14925.97
488,970,30-10-2023,Movie or concert ticket,Entertainment,396.55,Credit,15322.52
489,200,26-03-2024,Utility bill payment,Utilities,-243.12,Debit,15079.4
490,961,06-03-2024,Uber ride or fuel,Transport,-374.21,Debit,14705.19
491,79,30-10-2023,Transferred to savings account,Savings,270.12,Credit,14975.31
492,772,27-12-2023,Monthly rent payment,Rent,22.74,Credit,14998.05
493,281,21-01-2024,Uber ride or fuel,Transport,38.24,Credit,15036.29
494,417,13-10-2023,Restaurant bill,Dining Out,122.9,Credit,15159.19
495,584,30-05-2024,Transferred to savings account,Savings,-118.69,Debit,15040.5
496,266,31-07-2024,Transferred to savings account,Savings,-437.15,Debit,14603.35
497,351,14-04-2024,Grocery shopping,Groceries,-443.97,Debit,14159.38
498,253,18-08-2023,Movie or concert ticket,Entertainment,-453.6,Debit,13705.78
499,159,22-10-2023,Uber ride or fuel,Transport,246.97,Credit,13952.75
500,428,13-06-2024,Movie or concert ticket,Entertainment,-116.63,Debit,13836.12
501,536,13-02-2024,Restaurant bill,Dining Out,-217.63,Debit,13618.49
502,918,27-01-2024,Grocery shopping,Groceries,-161.09,Debit,13457.4
503,248,04-11-2023,Movie or concert ticket,Entertainment,-272.57,Debit,13184.83
504,888,20-04-2024,Restaurant bill,Dining Out,184.02,Credit,13368.85
505,546,07-09-2023,Uber ride or fuel,Transport,-95.16,Debit,13273.69
506,229,31-10-2023,Uber ride or fuel,Transport,179.87,Credit,13453.56
507,598,16-10-2023,Grocery shopping,Groceries,-215.17,Debit,13238.39
508,8,20-10-2023,Transferred to savings account,Savings,263.49,Credit,13501.88
509,186,20-03-2024,Utility bill payment,Utilities,234.6,Credit,13736.48
510,24,29-09-2023,Uber ride or fuel,Transport,-320.34,Debit,13416.14
511,69,02-08-2024,Grocery shopping,Groceries,-7.68,Debit,13408.46
512,375,05-02-2024,Doctor visit or medication,Healthcare,-410.85,Debit,12997.61
513,109,08-03-2024,Monthly rent payment,Rent,383.86,Credit,13381.47
514,289,12-04-2024,Transferred to savings account,Savings,123.33,Credit,13504.8
515,729,21-11-2023,Movie or concert ticket,Entertainment,-221.54,Debit,13283.26
516,98,17-10-2023,Transferred to savings account,Savings,-491.95,Debit,12791.31
517,501,23-04-2024,Monthly rent payment,Rent,470.94,Credit,13262.25
518,274,10-04-2024,Monthly rent payment,Rent,475.91,Credit,13738.16
519,36,20-03-2024,Uber ride or fuel,Transport,478.62,Credit,14216.78
520,756,09-06-2024,Restaurant bill,Dining Out,-101.64,Debit,14115.14
521,171,20-03-2024,Utility bill payment,Utilities,16.4,Credit,14131.54
522,748,04-12-2023,Uber ride or fuel,Transport,79.19,Credit,14210.73
523,265,29-01-2024,Restaurant bill,Dining Out,239.47,Credit,14450.2
524,627,29-11-2023,Uber ride or fuel,Transport,291.99,Credit,14742.19
525,592,20-11-2023,Uber ride or fuel,Transport,-462.09,Debit,14280.1
526,902,21-05-2024,Monthly rent payment,Rent,379.7,Credit,14659.8
527,515,27-09-2023,Uber ride or fuel,Transport,164.09,Credit,14823.89
528,252,11-02-2024,Transferred to savings account,Savings,135.7,Credit,14959.59
529,615,22-12-2023,Movie or concert ticket,Entertainment,271,Credit,15230.59
530,830,11-05-2024,Movie or concert ticket,Entertainment,218.12,Credit,15448.71
531,139,01-09-2023,Utility bill payment,Utilities,-303.8,Debit,15144.91
532,731,17-07-2024,Movie or concert ticket,Entertainment,-74.48,Debit,15070.43
533,379,19-02-2024,Monthly rent payment,Rent,-182.32,Debit,14888.11
534,994,13-08-2023,Monthly rent payment,Rent,-110.99,Debit,14777.12
535,874,21-03-2024,Restaurant bill,Dining Out,156.95,Credit,14934.07
536,606,22-08-2023,Restaurant bill,Dining Out,-50.79,Debit,14883.28
537,255,06-07-2024,Restaurant bill,Dining Out,440.12,Credit,15323.4
538,263,07-12-2023,Restaurant bill,Dining Out,248.27,Credit,15571.67
539,595,29-06-2024,Monthly rent payment,Rent,298.34,Credit,15870.01
540,863,19-02-2024,Transferred to savings account,Savings,295.51,Credit,16165.52
541,714,18-12-2023,Movie or concert ticket,Entertainment,-43.14,Debit,16122.38
542,934,27-04-2024,Restaurant bill,Dining Out,-208.26,Debit,15914.12
543,216,27-06-2024,Restaurant bill,Dining Out,11.77,Credit,15925.89
544,389,27-11-2023,Uber ride or fuel,Transport,-334.04,Debit,15591.85
545,524,02-12-2023,Movie or concert ticket,Entertainment,343.96,Credit,15935.81
546,595,13-04-2024,Doctor visit or medication,Healthcare,188.95,Credit,16124.76
547,519,27-05-2024,Movie or concert ticket,Entertainment,439.47,Credit,16564.23
548,880,07-11-2023,Transferred to savings account,Savings,-224.64,Debit,16339.59
549,808,05-06-2024,Transferred to savings account,Savings,353.49,Credit,16693.08
550,951,17-02-2024,Monthly rent payment,Rent,428.55,Credit,17121.63
551,507,22-07-2024,Doctor visit or medication,Healthcare,461.81,Credit,17583.44
552,680,05-10-2023,Transferred to savings account,Savings,-183.78,Debit,17399.66
553,209,02-10-2023,Grocery shopping,Groceries,309.39,Credit,17709.05
554,190,27-06-2024,Monthly rent payment,Rent,-156.31,Debit,17552.74
555,119,31-07-2024,Restaurant bill,Dining Out,27.67,Credit,17580.41
556,259,21-03-2024,Monthly rent payment,Rent,361.33,Credit,17941.74
557,112,15-08-2023,Uber ride or fuel,Transport,123.91,Credit,18065.65
558,987,28-08-2023,Movie or concert ticket,Entertainment,-302.73,Debit,17762.92
559,693,20-01-2024,Grocery shopping,Groceries,32.17,Credit,17795.09
560,301,16-09-2023,Doctor visit or medication,Healthcare,-271.75,Debit,17523.34
561,355,03-05-2024,Monthly rent payment,Rent,-268.58,Debit,17254.76
562,98,04-06-2024,Grocery shopping,Groceries,393.2,Credit,17647.96
563,315,13-03-2024,Monthly rent payment,Rent,196.01,Credit,17843.97
564,809,01-08-2024,Doctor visit or medication,Healthcare,-72.21,Debit,17771.76
565,610,02-06-2024,Movie or concert ticket,Entertainment,-53.51,Debit,17718.25
566,274,11-06-2024,Uber ride or fuel,Transport,482.41,Credit,18200.66
567,217,06-10-2023,Doctor visit or medication,Healthcare,471.05,Credit,18671.71
568,314,21-09-2023,Grocery shopping,Groceries,-40.25,Debit,18631.46
569,823,30-05-2024,Utility bill payment,Utilities,-131.86,Debit,18499.6
570,889,25-02-2024,Utility bill payment,Utilities,258.32,Credit,18757.92
571,317,16-01-2024,Monthly rent payment,Rent,227.62,Credit,18985.54
572,474,29-03-2024,Movie or concert ticket,Entertainment,398.88,Credit,19384.42
573,512,17-11-2023,Movie or concert ticket,Entertainment,-462.77,Debit,18921.65
574,680,12-04-2024,Uber ride or fuel,Transport,-69.17,Debit,18852.48
575,968,21-12-2023,Utility bill payment,Utilities,-441.82,Debit,18410.66
576,436,07-10-2023,Monthly rent payment,Rent,115.73,Credit,18526.39
577,524,27-08-2023,Utility bill payment,Utilities,480.17,Credit,19006.56
578,775,12-10-2023,Monthly rent payment,Rent,58.53,Credit,19065.09
579,850,27-05-2024,Transferred to savings account,Savings,36.63,Credit,19101.72
580,568,11-01-2024,Restaurant bill,Dining Out,215.88,Credit,19317.6
581,301,03-03-2024,Uber ride or fuel,Transport,86.56,Credit,19404.16
582,881,24-06-2024,Utility bill payment,Utilities,-31.75,Debit,19372.41
583,87,29-07-2024,Grocery shopping,Groceries,275.4,Credit,19647.81
584,613,05-02-2024,Doctor visit or medication,Healthcare,-333.4,Debit,19314.41
585,850,04-03-2024,Grocery shopping,Groceries,-394.81,Debit,18919.6
586,717,23-01-2024,Movie or concert ticket,Entertainment,408.58,Credit,19328.18
587,810,22-05-2024,Utility bill payment,Utilities,-40.33,Debit,19287.85
588,638,16-01-2024,Utility bill payment,Utilities,439.9,Credit,19727.75
589,267,11-09-2023,Restaurant bill,Dining Out,-194.7,Debit,19533.05
590,258,18-08-2023,Doctor visit or medication,Healthcare,117.61,Credit,19650.66
591,230,17-01-2024,Transferred to savings account,Savings,295.68,Credit,19946.34
592,630,30-11-2023,Movie or concert ticket,Entertainment,386.5,Credit,20332.84
593,901,06-06-2024,Restaurant bill,Dining Out,319.39,Credit,20652.23
594,377,12-11-2023,Transferred to savings account,Savings,435.72,Credit,21087.95
595,121,09-12-2023,Restaurant bill,Dining Out,-64.93,Debit,21023.02
596,652,05-04-2024,Utility bill payment,Utilities,-387.61,Debit,20635.41
597,781,03-08-2024,Grocery shopping,Groceries,480.27,Credit,21115.68
598,805,13-03-2024,Utility bill payment,Utilities,-429.84,Debit,20685.84
599,845,01-03-2024,Grocery shopping,Groceries,-336.95,Debit,20348.89
600,155,26-01-2024,Transferred to savings account,Savings,325.1,Credit,20673.99
601,588,11-02-2024,Restaurant bill,Dining Out,-341.55,Debit,20332.44
602,299,14-07-2024,Doctor visit or medication,Healthcare,113.11,Credit,20445.55
603,271,11-10-2023,Uber ride or fuel,Transport,402.4,Credit,20847.95
604,100,12-11-2023,Uber ride or fuel,Transport,360.69,Credit,21208.64
605,910,23-02-2024,Grocery shopping,Groceries,35.23,Credit,21243.87
606,649,17-05-2024,Doctor visit or medication,Healthcare,-194.26,Debit,21049.61
607,733,18-04-2024,Movie or concert ticket,Entertainment,394.96,Credit,21444.57
608,723,28-02-2024,Uber ride or fuel,Transport,289.83,Credit,21734.4
609,583,07-03-2024,Utility bill payment,Utilities,471.11,Credit,22205.51
610,446,18-04-2024,Transferred to savings account,Savings,439.74,Credit,22645.25
611,943,06-04-2024,Grocery shopping,Groceries,-215.37,Debit,22429.88
612,725,15-01-2024,Utility bill payment,Utilities,156.42,Credit,22586.3
613,487,06-09-2023,Monthly rent payment,Rent,-301.73,Debit,22284.57
614,545,30-03-2024,Transferred to savings account,Savings,-359.57,Debit,21925
615,71,24-05-2024,Grocery shopping,Groceries,-494.56,Debit,21430.44
616,781,19-07-2024,Grocery shopping,Groceries,72.42,Credit,21502.86
617,505,14-02-2024,Doctor visit or medication,Healthcare,244.61,Credit,21747.47
618,46,18-03-2024,Restaurant bill,Dining Out,-401.38,Debit,21346.09
619,983,11-10-2023,Grocery shopping,Groceries,-355.69,Debit,20990.4
620,608,09-03-2024,Grocery shopping,Groceries,358.88,Credit,21349.28
621,858,23-02-2024,Grocery shopping,Groceries,-133.76,Debit,21215.52
622,316,20-12-2023,Doctor visit or medication,Healthcare,349.29,Credit,21564.81
623,64,28-03-2024,Grocery shopping,Groceries,344.48,Credit,21909.29
624,427,04-10-2023,Monthly rent payment,Rent,-129.26,Debit,21780.03
625,162,17-08-2023,Transferred to savings account,Savings,67.13,Credit,21847.16
626,359,03-06-2024,Uber ride or fuel,Transport,53.15,Credit,21900.31
627,373,15-11-2023,Doctor visit or medication,Healthcare,-391.04,Debit,21509.27
628,354,14-12-2023,Grocery shopping,Groceries,-247.48,Debit,21261.79
629,652,18-06-2024,Restaurant bill,Dining Out,81.6,Credit,21343.39
630,714,05-07-2024,Doctor visit or medication,Healthcare,479.02,Credit,21822.41
631,285,19-09-2023,Monthly rent payment,Rent,70.37,Credit,21892.78
632,798,28-11-2023,Utility bill payment,Utilities,-465.76,Debit,21427.02
633,260,25-12-2023,Grocery shopping,Groceries,169.97,Credit,21596.99
634,897,23-10-2023,Monthly rent payment,Rent,-266.58,Debit,21330.41
635,411,23-03-2024,Doctor visit or medication,Healthcare,-263.11,Debit,21067.3
636,336,15-06-2024,Movie or concert ticket,Entertainment,487.83,Credit,21555.13
637,402,13-03-2024,Monthly rent payment,Rent,367.08,Credit,21922.21
638,585,24-10-2023,Restaurant bill,Dining Out,-351.2,Debit,21571.01
639,845,31-03-2024,Utility bill payment,Utilities,-412.04,Debit,21158.97
640,12,14-07-2024,Utility bill payment,Utilities,320.53,Credit,21479.5
641,204,28-08-2023,Utility bill payment,Utilities,220,Credit,21699.5
642,251,23-02-2024,Monthly rent payment,Rent,-404.31,Debit,21295.19
643,465,11-04-2024,Grocery shopping,Groceries,-56.9,Debit,21238.29
644,781,07-08-2024,Movie or concert ticket,Entertainment,-105.52,Debit,21132.77
645,615,17-11-2023,Uber ride or fuel,Transport,174.03,Credit,21306.8
646,601,16-11-2023,Doctor visit or medication,Healthcare,-20.35,Debit,21286.45
647,573,02-09-2023,Utility bill payment,Utilities,51.58,Credit,21338.03
648,545,06-01-2024,Transferred to savings account,Savings,-63.98,Debit,21274.05
649,545,11-06-2024,Transferred to savings account,Savings,58.24,Credit,21332.29
650,763,15-04-2024,Monthly rent payment,Rent,258.81,Credit,21591.1
651,209,29-09-2023,Monthly rent payment,Rent,-455.57,Debit,21135.53
652,96,15-02-2024,Transferred to savings account,Savings,494.77,Credit,21630.3
653,217,09-12-2023,Monthly rent payment,Rent,432.74,Credit,22063.04
654,179,19-09-2023,Uber ride or fuel,Transport,-403.03,Debit,21660.01
655,451,13-12-2023,Restaurant bill,Dining Out,201.54,Credit,21861.55
656,305,03-11-2023,Utility bill payment,Utilities,-171.18,Debit,21690.37
657,475,17-03-2024,Uber ride or fuel,Transport,115.08,Credit,21805.45
658,96,06-12-2023,Uber ride or fuel,Transport,118.59,Credit,21924.04
659,876,11-09-2023,Restaurant bill,Dining Out,251.42,Credit,22175.46
660,430,16-09-2023,Doctor visit or medication,Healthcare,134.81,Credit,22310.27
661,844,11-04-2024,Transferred to savings account,Savings,45.04,Credit,22355.31
662,21,26-07-2024,Uber ride or fuel,Transport,278.66,Credit,22633.97
663,662,24-11-2023,Monthly rent payment,Rent,434.81,Credit,23068.78
664,204,24-05-2024,Restaurant bill,Dining Out,-145.8,Debit,22922.98
665,355,21-01-2024,Grocery shopping,Groceries,-349.22,Debit,22573.76
666,47,05-08-2024,Utility bill payment,Utilities,341.7,Credit,22915.46
667,704,17-01-2024,Utility bill payment,Utilities,361.38,Credit,23276.84
668,728,07-02-2024,Utility bill payment,Utilities,330.93,Credit,23607.77
669,85,18-07-2024,Grocery shopping,Groceries,282.41,Credit,23890.18
670,236,15-05-2024,Monthly rent payment,Rent,-377.18,Debit,23513
671,863,08-11-2023,Doctor visit or medication,Healthcare,-263.02,Debit,23249.98
672,394,05-02-2024,Doctor visit or medication,Healthcare,215.12,Credit,23465.1
673,826,11-01-2024,Transferred to savings account,Savings,-417.21,Debit,23047.89
674,124,02-09-2023,Doctor visit or medication,Healthcare,11.69,Credit,23059.58
675,988,07-07-2024,Doctor visit or medication,Healthcare,229.27,Credit,23288.85
676,471,22-06-2024,Restaurant bill,Dining Out,302.62,Credit,23591.47
677,84,15-01-2024,Utility bill payment,Utilities,443.64,Credit,24035.11
678,668,27-06-2024,Doctor visit or medication,Healthcare,-360.79,Debit,23674.32
679,35,26-01-2024,Grocery shopping,Groceries,365.6,Credit,24039.92
680,902,24-03-2024,Grocery shopping,Groceries,419.99,Credit,24459.91
681,85,28-08-2023,Grocery shopping,Groceries,266.98,Credit,24726.89
682,708,31-08-2023,Restaurant bill,Dining Out,106.12,Credit,24833.01
683,981,15-03-2024,Grocery shopping,Groceries,-143.71,Debit,24689.3
684,957,10-03-2024,Uber ride or fuel,Transport,400.25,Credit,25089.55
685,213,14-04-2024,Utility bill payment,Utilities,436.68,Credit,25526.23
686,305,23-02-2024,Transferred to savings account,Savings,374.02,Credit,25900.25
687,42,26-08-2023,Transferred to savings account,Savings,-337.52,Debit,25562.73
688,31,29-10-2023,Grocery shopping,Groceries,107.64,Credit,25670.37
689,215,28-06-2024,Movie or concert ticket,Entertainment,-160.66,Debit,25509.71
690,268,26-02-2024,Utility bill payment,Utilities,115.39,Credit,25625.1
691,388,23-03-2024,Doctor visit or medication,Healthcare,158.68,Credit,25783.78
692,970,22-07-2024,Movie or concert ticket,Entertainment,379.94,Credit,26163.72
693,458,22-02-2024,Utility bill payment,Utilities,-481.79,Debit,25681.93
694,622,11-01-2024,Restaurant bill,Dining Out,218.96,Credit,25900.89
695,220,10-03-2024,Grocery shopping,Groceries,-10.44,Debit,25890.45
696,864,10-05-2024,Uber ride or fuel,Transport,181.88,Credit,26072.33
697,695,20-09-2023,Restaurant bill,Dining Out,-209.87,Debit,25862.46
698,876,19-07-2024,Transferred to savings account,Savings,449.21,Credit,26311.67
699,315,03-01-2024,Uber ride or fuel,Transport,98.75,Credit,26410.42
700,146,24-03-2024,Grocery shopping,Groceries,148.6,Credit,26559.02
701,750,10-01-2024,Uber ride or fuel,Transport,55.2,Credit,26614.22
702,845,04-07-2024,Restaurant bill,Dining Out,49.8,Credit,26664.02
703,478,19-06-2024,Movie or concert ticket,Entertainment,102.03,Credit,26766.05
704,829,28-09-2023,Transferred to savings account,Savings,-117.66,Debit,26648.39
705,112,18-09-2023,Utility bill payment,Utilities,-92.86,Debit,26555.53
706,663,26-02-2024,Transferred to savings account,Savings,249.15,Credit,26804.68
707,991,12-12-2023,Transferred to savings account,Savings,76.6,Credit,26881.28
708,568,14-03-2024,Uber ride or fuel,Transport,427.17,Credit,27308.45
709,480,23-08-2023,Doctor visit or medication,Healthcare,397.09,Credit,27705.54
710,779,03-12-2023,Uber ride or fuel,Transport,486.22,Credit,28191.76
711,877,04-12-2023,Monthly rent payment,Rent,118.8,Credit,28310.56
712,603,07-11-2023,Monthly rent payment,Rent,-274.35,Debit,28036.21
713,572,22-01-2024,Movie or concert ticket,Entertainment,-405.82,Debit,27630.39
714,618,07-06-2024,Doctor visit or medication,Healthcare,-91.05,Debit,27539.34
715,904,21-03-2024,Grocery shopping,Groceries,472.69,Credit,28012.03
716,339,08-04-2024,Monthly rent payment,Rent,101.54,Credit,28113.57
717,180,01-10-2023,Doctor visit or medication,Healthcare,138.89,Credit,28252.46
718,421,05-05-2024,Doctor visit or medication,Healthcare,187.87,Credit,28440.33
719,296,23-10-2023,Grocery shopping,Groceries,-224.49,Debit,28215.84
720,390,18-07-2024,Monthly rent payment,Rent,139.17,Credit,28355.01
721,106,13-12-2023,Transferred to savings account,Savings,12.18,Credit,28367.19
722,956,01-12-2023,Grocery shopping,Groceries,91.83,Credit,28459.02
723,85,21-04-2024,Movie or concert ticket,Entertainment,-27.01,Debit,28432.01
724,910,08-09-2023,Movie or concert ticket,Entertainment,-90.61,Debit,28341.4
725,247,19-11-2023,Restaurant bill,Dining Out,145.44,Credit,28486.84
726,641,21-07-2024,Grocery shopping,Groceries,-212.54,Debit,28274.3
727,991,08-02-2024,Uber ride or fuel,Transport,43.09,Credit,28317.39
728,572,18-01-2024,Transferred to savings account,Savings,-180.48,Debit,28136.91
729,500,23-08-2023,Uber ride or fuel,Transport,386.41,Credit,28523.32
730,357,26-10-2023,Transferred to savings account,Savings,374.41,Credit,28897.73
731,860,03-06-2024,Transferred to savings account,Savings,-411.93,Debit,28485.8
732,121,09-01-2024,Utility bill payment,Utilities,-305.5,Debit,28180.3
733,43,06-06-2024,Transferred to savings account,Savings,-272.4,Debit,27907.9
734,408,01-02-2024,Transferred to savings account,Savings,-158.16,Debit,27749.74
735,119,03-12-2023,Monthly rent payment,Rent,-14.28,Debit,27735.46
736,955,01-10-2023,Utility bill payment,Utilities,-483.03,Debit,27252.43
737,869,14-03-2024,Grocery shopping,Groceries,-367.38,Debit,26885.05
738,486,01-10-2023,Restaurant bill,Dining Out,-258.3,Debit,26626.75
739,656,17-02-2024,Restaurant bill,Dining Out,202.02,Credit,26828.77
740,707,01-03-2024,Movie or concert ticket,Entertainment,6.37,Credit,26835.14
741,675,30-03-2024,Uber ride or fuel,Transport,435.82,Credit,27270.96
742,937,09-02-2024,Uber ride or fuel,Transport,-35.62,Debit,27235.34
743,873,20-04-2024,Doctor visit or medication,Healthcare,-486.65,Debit,26748.69
744,237,23-07-2024,Uber ride or fuel,Transport,183.21,Credit,26931.9
745,181,18-09-2023,Monthly rent payment,Rent,63.71,Credit,26995.61
746,631,18-08-2023,Movie or concert ticket,Entertainment,-362.64,Debit,26632.97
747,525,23-03-2024,Transferred to savings account,Savings,-56.57,Debit,26576.4
748,288,21-08-2023,Utility bill payment,Utilities,166.6,Credit,26743
749,149,19-12-2023,Monthly rent payment,Rent,-287.26,Debit,26455.74
750,318,11-05-2024,Transferred to savings account,Savings,-449.32,Debit,26006.42
751,225,22-09-2023,Movie or concert ticket,Entertainment,-188.56,Debit,25817.86
752,166,17-12-2023,Restaurant bill,Dining Out,-88.12,Debit,25729.74
753,795,26-10-2023,Utility bill payment,Utilities,-379.16,Debit,25350.58
754,320,04-07-2024,Movie or concert ticket,Entertainment,-466.97,Debit,24883.61
755,219,05-12-2023,Grocery shopping,Groceries,68.35,Credit,24951.96
756,692,13-07-2024,Monthly rent payment,Rent,-5.23,Debit,24946.73
757,650,01-09-2023,Doctor visit or medication,Healthcare,-41.12,Debit,24905.61
758,524,09-06-2024,Doctor visit or medication,Healthcare,184.76,Credit,25090.37
759,363,28-01-2024,Uber ride or fuel,Transport,-218.51,Debit,24871.86
760,68,27-06-2024,Monthly rent payment,Rent,28.97,Credit,24900.83
761,707,10-04-2024,Utility bill payment,Utilities,-299.56,Debit,24601.27
762,526,28-06-2024,Grocery shopping,Groceries,103.98,Credit,24705.25
763,945,26-09-2023,Doctor visit or medication,Healthcare,-304.75,Debit,24400.5
764,400,13-01-2024,Grocery shopping,Groceries,319.08,Credit,24719.58
765,879,03-02-2024,Doctor visit or medication,Healthcare,342.42,Credit,25062
766,252,22-04-2024,Uber ride or fuel,Transport,289.24,Credit,25351.24
767,584,17-03-2024,Grocery shopping,Groceries,-226.98,Debit,25124.26
768,478,05-06-2024,Doctor visit or medication,Healthcare,-161.36,Debit,24962.9
769,785,16-05-2024,Utility bill payment,Utilities,-123.7,Debit,24839.2
770,995,25-02-2024,Transferred to savings account,Savings,256.58,Credit,25095.78
771,595,28-08-2023,Grocery shopping,Groceries,-437.48,Debit,24658.3
772,840,05-05-2024,Uber ride or fuel,Transport,228.96,Credit,24887.26
773,886,18-08-2023,Movie or concert ticket,Entertainment,-237.34,Debit,24649.92
774,574,10-10-2023,Grocery shopping,Groceries,-243.31,Debit,24406.61
775,507,13-07-2024,Restaurant bill,Dining Out,419.25,Credit,24825.86
776,708,20-04-2024,Utility bill payment,Utilities,-180.85,Debit,24645.01
777,459,26-05-2024,Restaurant bill,Dining Out,331.49,Credit,24976.5
778,380,23-07-2024,Monthly rent payment,Rent,-182.7,Debit,24793.8
779,927,10-10-2023,Utility bill payment,Utilities,-164.8,Debit,24629
780,840,07-03-2024,Monthly rent payment,Rent,-393.05,Debit,24235.95
781,724,16-06-2024,Grocery shopping,Groceries,476.02,Credit,24711.97
782,861,04-12-2023,Grocery shopping,Groceries,-487.21,Debit,24224.76
783,410,02-07-2024,Transferred to savings account,Savings,-98.62,Debit,24126.14
784,826,19-01-2024,Grocery shopping,Groceries,311.78,Credit,24437.92
785,71,30-12-2023,Utility bill payment,Utilities,-119.31,Debit,24318.61
786,483,13-04-2024,Grocery shopping,Groceries,485.54,Credit,24804.15
787,362,02-02-2024,Uber ride or fuel,Transport,158.86,Credit,24963.01
788,962,15-07-2024,Grocery shopping,Groceries,-62.98,Debit,24900.03
789,255,06-08-2024,Uber ride or fuel,Transport,156.02,Credit,25056.05
790,984,14-09-2023,Movie or concert ticket,Entertainment,-373.51,Debit,24682.54
791,242,16-10-2023,Movie or concert ticket,Entertainment,249.95,Credit,24932.49
792,247,25-01-2024,Movie or concert ticket,Entertainment,86.77,Credit,25019.26
793,126,24-12-2023,Restaurant bill,Dining Out,-242.64,Debit,24776.62
794,208,25-01-2024,Grocery shopping,Groceries,361.12,Credit,25137.74
795,811,12-05-2024,Transferred to savings account,Savings,-198.71,Debit,24939.03
796,404,26-04-2024,Grocery shopping,Groceries,185.37,Credit,25124.4
797,116,10-11-2023,Uber ride or fuel,Transport,-99.51,Debit,25024.89
798,54,31-08-2023,Doctor visit or medication,Healthcare,-368.3,Debit,24656.59
799,22,10-11-2023,Movie or concert ticket,Entertainment,-180.88,Debit,24475.71
800,844,10-01-2024,Monthly rent payment,Rent,-271.58,Debit,24204.13
801,818,16-09-2023,Transferred to savings account,Savings,116.43,Credit,24320.56
802,183,16-07-2024,Restaurant bill,Dining Out,-26.4,Debit,24294.16
803,407,08-12-2023,Uber ride or fuel,Transport,-107.05,Debit,24187.11
804,52,24-12-2023,Movie or concert ticket,Entertainment,60.52,Credit,24247.63
805,623,13-05-2024,Monthly rent payment,Rent,-226,Debit,24021.63
806,115,20-04-2024,Movie or concert ticket,Entertainment,-13.76,Debit,24007.87
807,637,26-01-2024,Doctor visit or medication,Healthcare,-28.23,Debit,23979.64
808,429,11-03-2024,Monthly rent payment,Rent,210.62,Credit,24190.26
809,268,10-09-2023,Restaurant bill,Dining Out,-61.84,Debit,24128.42
810,622,12-03-2024,Utility bill payment,Utilities,-370.71,Debit,23757.71
811,242,13-12-2023,Doctor visit or medication,Healthcare,-249.89,Debit,23507.82
812,205,02-07-2024,Restaurant bill,Dining Out,251.74,Credit,23759.56
813,62,19-06-2024,Restaurant bill,Dining Out,141.34,Credit,23900.9
814,82,03-09-2023,Utility bill payment,Utilities,-300.18,Debit,23600.72
815,255,24-11-2023,Utility bill payment,Utilities,-490.74,Debit,23109.98
816,155,21-03-2024,Movie or concert ticket,Entertainment,388.12,Credit,23498.1
817,471,04-10-2023,Movie or concert ticket,Entertainment,429.78,Credit,23927.88
818,14,22-03-2024,Utility bill payment,Utilities,-193.67,Debit,23734.21
819,962,17-06-2024,Grocery shopping,Groceries,-190.2,Debit,23544.01
820,610,26-03-2024,Transferred to savings account,Savings,233.02,Credit,23777.03
821,608,06-06-2024,Doctor visit or medication,Healthcare,-5.61,Debit,23771.42
822,721,29-10-2023,Utility bill payment,Utilities,-9,Debit,23762.42
823,746,20-06-2024,Monthly rent payment,Rent,12.49,Credit,23774.91
824,153,20-02-2024,Utility bill payment,Utilities,-450.67,Debit,23324.24
825,231,24-08-2023,Movie or concert ticket,Entertainment,363.34,Credit,23687.58
826,885,12-10-2023,Restaurant bill,Dining Out,352,Credit,24039.58
827,341,17-08-2023,Restaurant bill,Dining Out,86.93,Credit,24126.51
828,441,19-06-2024,Grocery shopping,Groceries,466.56,Credit,24593.07
829,603,22-11-2023,Movie or concert ticket,Entertainment,-372.93,Debit,24220.14
830,436,31-07-2024,Restaurant bill,Dining Out,14.72,Credit,24234.86
831,660,16-01-2024,Movie or concert ticket,Entertainment,-454.35,Debit,23780.51
832,440,27-04-2024,Grocery shopping,Groceries,-62.61,Debit,23717.9
833,961,17-08-2023,Utility bill payment,Utilities,309.6,Credit,24027.5
834,869,13-11-2023,Movie or concert ticket,Entertainment,94.1,Credit,24121.6
835,399,17-08-2023,Uber ride or fuel,Transport,142.25,Credit,24263.85
836,687,27-03-2024,Utility bill payment,Utilities,337.2,Credit,24601.05
837,186,06-01-2024,Movie or concert ticket,Entertainment,-57.35,Debit,24543.7
838,862,08-10-2023,Monthly rent payment,Rent,-56.37,Debit,24487.33
839,859,13-09-2023,Utility bill payment,Utilities,-456.33,Debit,24031
840,779,03-11-2023,Doctor visit or medication,Healthcare,-139.16,Debit,23891.84
841,46,14-02-2024,Transferred to savings account,Savings,462.31,Credit,24354.15
842,789,20-10-2023,Grocery shopping,Groceries,377.06,Credit,24731.21
843,226,01-07-2024,Doctor visit or medication,Healthcare,13.8,Credit,24745.01
844,63,01-04-2024,Monthly rent payment,Rent,108.71,Credit,24853.72
845,460,02-12-2023,Uber ride or fuel,Transport,281.8,Credit,25135.52
846,36,26-09-2023,Restaurant bill,Dining Out,-484.9,Debit,24650.62
847,505,08-07-2024,Transferred to savings account,Savings,413.46,Credit,25064.08
848,411,01-11-2023,Restaurant bill,Dining Out,17.32,Credit,25081.4
849,98,05-05-2024,Restaurant bill,Dining Out,456.76,Credit,25538.16
850,956,03-05-2024,Uber ride or fuel,Transport,-498.21,Debit,25039.95
851,225,17-03-2024,Movie or concert ticket,Entertainment,310.79,Credit,25350.74
852,825,02-12-2023,Transferred to savings account,Savings,154.34,Credit,25505.08
853,539,28-05-2024,Movie or concert ticket,Entertainment,330.11,Credit,25835.19
854,441,01-03-2024,Uber ride or fuel,Transport,474.87,Credit,26310.06
855,32,14-10-2023,Transferred to savings account,Savings,491.96,Credit,26802.02
856,702,19-11-2023,Transferred to savings account,Savings,333.05,Credit,27135.07
857,455,24-07-2024,Doctor visit or medication,Healthcare,341.89,Credit,27476.96
858,544,25-06-2024,Monthly rent payment,Rent,113.16,Credit,27590.12
859,927,18-07-2024,Monthly rent payment,Rent,250,Credit,27840.12
860,636,21-08-2023,Movie or concert ticket,Entertainment,320.79,Credit,28160.91
861,756,11-09-2023,Utility bill payment,Utilities,-39.12,Debit,28121.79
862,9,10-02-2024,Monthly rent payment,Rent,-356.81,Debit,27764.98
863,918,22-02-2024,Grocery shopping,Groceries,468.91,Credit,28233.89
864,817,06-07-2024,Doctor visit or medication,Healthcare,-16.79,Debit,28217.1
865,297,21-12-2023,Grocery shopping,Groceries,-204.07,Debit,28013.03
866,725,29-06-2024,Transferred to savings account,Savings,286.29,Credit,28299.32
867,832,11-04-2024,Grocery shopping,Groceries,-78.35,Debit,28220.97
868,444,13-08-2023,Uber ride or fuel,Transport,-238.29,Debit,27982.68
869,758,15-02-2024,Restaurant bill,Dining Out,-11.16,Debit,27971.52
870,76,10-11-2023,Monthly rent payment,Rent,132.44,Credit,28103.96
871,810,31-07-2024,Monthly rent payment,Rent,197.19,Credit,28301.15
872,847,22-08-2023,Doctor visit or medication,Healthcare,-130.6,Debit,28170.55
873,349,02-11-2023,Grocery shopping,Groceries,-485.02,Debit,27685.53
874,370,07-05-2024,Transferred to savings account,Savings,-361.82,Debit,27323.71
875,302,15-09-2023,Grocery shopping,Groceries,13.16,Credit,27336.87
876,959,09-07-2024,Movie or concert ticket,Entertainment,18.68,Credit,27355.55
877,132,08-05-2024,Transferred to savings account,Savings,414.11,Credit,27769.66
878,105,26-04-2024,Uber ride or fuel,Transport,-64.32,Debit,27705.34
879,420,03-02-2024,Monthly rent payment,Rent,-117.31,Debit,27588.03
880,786,07-11-2023,Movie or concert ticket,Entertainment,328.72,Credit,27916.75
881,808,26-05-2024,Movie or concert ticket,Entertainment,-393.66,Debit,27523.09
882,759,22-01-2024,Utility bill payment,Utilities,345.59,Credit,27868.68
883,836,11-04-2024,Movie or concert ticket,Entertainment,-168.59,Debit,27700.09
884,833,06-07-2024,Restaurant bill,Dining Out,61.13,Credit,27761.22
885,853,26-12-2023,Doctor visit or medication,Healthcare,-142.43,Debit,27618.79
886,149,15-09-2023,Uber ride or fuel,Transport,-318.14,Debit,27300.65
887,461,03-07-2024,Monthly rent payment,Rent,48.06,Credit,27348.71
888,238,13-10-2023,Monthly rent payment,Rent,-265.95,Debit,27082.76
889,953,25-11-2023,Doctor visit or medication,Healthcare,417.27,Credit,27500.03
890,465,27-07-2024,Doctor visit or medication,Healthcare,-11.8,Debit,27488.23
891,281,01-11-2023,Utility bill payment,Utilities,-28.68,Debit,27459.55
892,128,28-06-2024,Doctor visit or medication,Healthcare,-252.79,Debit,27206.76
893,275,19-07-2024,Doctor visit or medication,Healthcare,-473.33,Debit,26733.43
894,207,31-05-2024,Uber ride or fuel,Transport,-182.45,Debit,26550.98
895,583,09-05-2024,Doctor visit or medication,Healthcare,-137.95,Debit,26413.03
896,407,16-08-2023,Transferred to savings account,Savings,-350.01,Debit,26063.02
897,949,08-05-2024,Utility bill payment,Utilities,383.47,Credit,26446.49
898,546,28-12-2023,Transferred to savings account,Savings,-281.87,Debit,26164.62
899,364,20-07-2024,Grocery shopping,Groceries,-358.45,Debit,25806.17
900,284,14-03-2024,Grocery shopping,Groceries,78.51,Credit,25884.68
901,817,09-11-2023,Doctor visit or medication,Healthcare,114.17,Credit,25998.85
902,83,13-08-2023,Grocery shopping,Groceries,387.45,Credit,26386.3
903,689,05-08-2024,Grocery shopping,Groceries,61.56,Credit,26447.86
904,644,19-07-2024,Restaurant bill,Dining Out,367.18,Credit,26815.04
905,266,24-03-2024,Utility bill payment,Utilities,44.14,Credit,26859.18
906,804,24-02-2024,Transferred to savings account,Savings,-238.31,Debit,26620.87
907,970,27-10-2023,Doctor visit or medication,Healthcare,-462.84,Debit,26158.03
908,227,22-10-2023,Movie or concert ticket,Entertainment,-294.2,Debit,25863.83
909,525,03-05-2024,Restaurant bill,Dining Out,123.35,Credit,25987.18
910,720,08-10-2023,Transferred to savings account,Savings,-355.09,Debit,25632.09
911,666,24-10-2023,Utility bill payment,Utilities,-306.06,Debit,25326.03
912,349,14-06-2024,Movie or concert ticket,Entertainment,374.75,Credit,25700.78
913,327,26-01-2024,Doctor visit or medication,Healthcare,246.93,Credit,25947.71
914,262,27-05-2024,Uber ride or fuel,Transport,356.42,Credit,26304.13
915,72,22-04-2024,Doctor visit or medication,Healthcare,-82.01,Debit,26222.12
916,151,08-07-2024,Uber ride or fuel,Transport,-40.79,Debit,26181.33
917,747,29-11-2023,Monthly rent payment,Rent,-42.96,Debit,26138.37
918,833,07-12-2023,Grocery shopping,Groceries,-55.27,Debit,26083.1
919,992,16-05-2024,Uber ride or fuel,Transport,231.38,Credit,26314.48
920,760,02-03-2024,Monthly rent payment,Rent,-261.27,Debit,26053.21
921,459,14-08-2023,Uber ride or fuel,Transport,-259.78,Debit,25793.43
922,340,08-12-2023,Uber ride or fuel,Transport,71.3,Credit,25864.73
923,361,09-05-2024,Movie or concert ticket,Entertainment,-436.69,Debit,25428.04
924,428,18-01-2024,Transferred to savings account,Savings,247.44,Credit,25675.48
925,429,10-09-2023,Grocery shopping,Groceries,189.8,Credit,25865.28
926,118,26-03-2024,Doctor visit or medication,Healthcare,384.11,Credit,26249.39
927,130,17-11-2023,Movie or concert ticket,Entertainment,169,Credit,26418.39
928,443,15-01-2024,Uber ride or fuel,Transport,-451.52,Debit,25966.87
929,482,16-11-2023,Grocery shopping,Groceries,33.75,Credit,26000.62
930,531,21-03-2024,Restaurant bill,Dining Out,-423.88,Debit,25576.74
931,208,15-03-2024,Uber ride or fuel,Transport,-200.53,Debit,25376.21
932,10,02-07-2024,Restaurant bill,Dining Out,428.3,Credit,25804.51
933,106,11-07-2024,Movie or concert ticket,Entertainment,441.46,Credit,26245.97
934,106,15-04-2024,Utility bill payment,Utilities,166.59,Credit,26412.56
935,228,21-03-2024,Grocery shopping,Groceries,-450.19,Debit,25962.37
936,288,14-05-2024,Monthly rent payment,Rent,-227.62,Debit,25734.75
937,501,29-06-2024,Restaurant bill,Dining Out,-150.75,Debit,25584
938,403,21-12-2023,Uber ride or fuel,Transport,262.54,Credit,25846.54
939,584,04-12-2023,Grocery shopping,Groceries,-299.91,Debit,25546.63
940,416,02-01-2024,Utility bill payment,Utilities,-433.28,Debit,25113.35
941,701,13-05-2024,Uber ride or fuel,Transport,-182.18,Debit,24931.17
942,524,03-10-2023,Grocery shopping,Groceries,321.37,Credit,25252.54
943,368,07-09-2023,Movie or concert ticket,Entertainment,22.13,Credit,25274.67
944,843,08-07-2024,Grocery shopping,Groceries,353.65,Credit,25628.32
945,530,24-06-2024,Transferred to savings account,Savings,457.4,Credit,26085.72
946,245,07-07-2024,Movie or concert ticket,Entertainment,-449.07,Debit,25636.65
947,786,11-01-2024,Monthly rent payment,Rent,-266.03,Debit,25370.62
948,143,27-02-2024,Transferred to savings account,Savings,464.75,Credit,25835.37
949,844,13-12-2023,Movie or concert ticket,Entertainment,-307.16,Debit,25528.21
950,329,05-10-2023,Monthly rent payment,Rent,72.75,Credit,25600.96
951,756,02-01-2024,Monthly rent payment,Rent,56.92,Credit,25657.88
952,7,25-06-2024,Transferred to savings account,Savings,-415.33,Debit,25242.55
953,931,23-01-2024,Uber ride or fuel,Transport,-484.27,Debit,24758.28
954,297,02-08-2024,Utility bill payment,Utilities,47.72,Credit,24806
955,546,03-03-2024,Utility bill payment,Utilities,-96.25,Debit,24709.75
956,235,24-02-2024,Restaurant bill,Dining Out,241.07,Credit,24950.82
957,995,07-04-2024,Transferred to savings account,Savings,381.25,Credit,25332.07
958,740,21-12-2023,Uber ride or fuel,Transport,342.25,Credit,25674.32
959,542,26-11-2023,Transferred to savings account,Savings,289.67,Credit,25963.99
960,877,18-04-2024,Restaurant bill,Dining Out,222.82,Credit,26186.81
961,174,27-07-2024,Doctor visit or medication,Healthcare,243.48,Credit,26430.29
962,100,26-07-2024,Doctor visit or medication,Healthcare,-253.04,Debit,26177.25
963,913,28-05-2024,Uber ride or fuel,Transport,-384.97,Debit,25792.28
964,557,23-09-2023,Grocery shopping,Groceries,322.21,Credit,26114.49
965,43,14-09-2023,Uber ride or fuel,Transport,201.54,Credit,26316.03
966,723,17-09-2023,Doctor visit or medication,Healthcare,-78.13,Debit,26237.9
967,20,15-11-2023,Transferred to savings account,Savings,-300.75,Debit,25937.15
968,185,29-05-2024,Transferred to savings account,Savings,-442.98,Debit,25494.17
969,925,16-03-2024,Movie or concert ticket,Entertainment,-306.31,Debit,25187.86
970,286,30-04-2024,Monthly rent payment,Rent,-353.16,Debit,24834.7
971,31,11-07-2024,Movie or concert ticket,Entertainment,-146.14,Debit,24688.56
972,316,15-12-2023,Transferred to savings account,Savings,-317.07,Debit,24371.49
973,824,14-07-2024,Grocery shopping,Groceries,396.57,Credit,24768.06
974,743,18-04-2024,Uber ride or fuel,Transport,166.25,Credit,24934.31
975,912,25-12-2023,Movie or concert ticket,Entertainment,-420.3,Debit,24514.01
976,438,26-01-2024,Grocery shopping,Groceries,-317.51,Debit,24196.5
977,801,26-06-2024,Doctor visit or medication,Healthcare,118.54,Credit,24315.04
978,930,30-09-2023,Movie or concert ticket,Entertainment,46.97,Credit,24362.01
979,283,09-11-2023,Grocery shopping,Groceries,481.42,Credit,24843.43
980,323,09-12-2023,Uber ride or fuel,Transport,361.8,Credit,25205.23
981,284,05-07-2024,Restaurant bill,Dining Out,222.3,Credit,25427.53
982,378,26-01-2024,Transferred to savings account,Savings,-246.28,Debit,25181.25
983,46,08-11-2023,Doctor visit or medication,Healthcare,-410.01,Debit,24771.24
984,423,12-02-2024,Grocery shopping,Groceries,218.6,Credit,24989.84
985,929,19-11-2023,Restaurant bill,Dining Out,390.98,Credit,25380.82
986,662,28-11-2023,Grocery shopping,Groceries,-24.73,Debit,25356.09
987,615,07-11-2023,Transferred to savings account,Savings,-494.51,Debit,24861.58
988,400,08-06-2024,Restaurant bill,Dining Out,-31.15,Debit,24830.43
989,617,29-03-2024,Movie or concert ticket,Entertainment,-137.21,Debit,24693.22
990,468,02-05-2024,Utility bill payment,Utilities,367.28,Credit,25060.5
991,184,07-06-2024,Movie or concert ticket,Entertainment,385.04,Credit,25445.54
992,76,05-04-2024,Restaurant bill,Dining Out,151.68,Credit,25597.22
993,952,07-03-2024,Transferred to savings account,Savings,172.37,Credit,25769.59
994,568,30-04-2024,Movie or concert ticket,Entertainment,9.69,Credit,25779.28
995,907,08-08-2024,Restaurant bill,Dining Out,-64.28,Debit,25715
996,575,08-02-2024,Doctor visit or medication,Healthcare,-463.1,Debit,25251.9
997,175,27-04-2024,Restaurant bill,Dining Out,410.09,Credit,25661.99
998,461,17-12-2023,Grocery shopping,Groceries,351.37,Credit,26013.36
999,570,22-06-2024,Restaurant bill,Dining Out,147.61,Credit,26160.97
1000,443,28-06-2024,Movie or concert ticket,Entertainment,28.65,Credit,26189.62
1001,46,11-11-2023,Transferred to savings account,Savings,-489.35,Debit,25700.27
1002,378,14-05-2024,Monthly rent payment,Rent,397.89,Credit,26098.16
1003,515,28-07-2024,Movie or concert ticket,Entertainment,-117.82,Debit,25980.34
1004,280,30-08-2023,Uber ride or fuel,Transport,-222.47,Debit,25757.87
1005,433,11-06-2024,Utility bill payment,Utilities,-341.21,Debit,25416.66
1006,355,15-04-2024,Doctor visit or medication,Healthcare,-275.13,Debit,25141.53
1007,574,22-04-2024,Restaurant bill,Dining Out,-167.58,Debit,24973.95
1008,57,25-07-2024,Transferred to savings account,Savings,485.88,Credit,25459.83
1009,624,19-07-2024,Movie or concert ticket,Entertainment,399.93,Credit,25859.76
1010,264,28-08-2023,Grocery shopping,Groceries,307.35,Credit,26167.11
1011,842,12-08-2024,Uber ride or fuel,Transport,-80.54,Debit,26086.57
1012,375,03-03-2024,Grocery shopping,Groceries,-106.2,Debit,25980.37
1013,489,26-05-2024,Uber ride or fuel,Transport,287.93,Credit,26268.3
1014,166,31-08-2023,Monthly rent payment,Rent,75.79,Credit,26344.09
1015,151,16-05-2024,Monthly rent payment,Rent,-391.38,Debit,25952.71
1016,268,22-04-2024,Utility bill payment,Utilities,363.01,Credit,26315.72
1017,460,25-04-2024,Transferred to savings account,Savings,31.28,Credit,26347
1018,14,26-08-2023,Utility bill payment,Utilities,-228.73,Debit,26118.27
1019,674,31-12-2023,Transferred to savings account,Savings,55.83,Credit,26174.1
1020,67,11-01-2024,Movie or concert ticket,Entertainment,374.07,Credit,26548.17
1021,824,27-07-2024,Transferred to savings account,Savings,405.89,Credit,26954.06
1022,426,13-06-2024,Utility bill payment,Utilities,416.79,Credit,27370.85
1023,211,19-02-2024,Movie or concert ticket,Entertainment,438.67,Credit,27809.52
1024,641,27-05-2024,Movie or concert ticket,Entertainment,288.69,Credit,28098.21
1025,968,27-05-2024,Transferred to savings account,Savings,-5.97,Debit,28092.24
1026,569,06-07-2024,Uber ride or fuel,Transport,146.5,Credit,28238.74
1027,718,22-06-2024,Restaurant bill,Dining Out,-459.12,Debit,27779.62
1028,356,22-10-2023,Grocery shopping,Groceries,391.38,Credit,28171
1029,186,05-12-2023,Restaurant bill,Dining Out,121.8,Credit,28292.8
1030,990,03-03-2024,Restaurant bill,Dining Out,-149.38,Debit,28143.42
1031,770,17-09-2023,Doctor visit or medication,Healthcare,-44.74,Debit,28098.68
1032,701,19-04-2024,Monthly rent payment,Rent,298.12,Credit,28396.8
1033,400,26-04-2024,Utility bill payment,Utilities,-232.24,Debit,28164.56
1034,893,24-09-2023,Utility bill payment,Utilities,498.45,Credit,28663.01
1035,208,14-05-2024,Monthly rent payment,Rent,367.76,Credit,29030.77
1036,242,13-12-2023,Uber ride or fuel,Transport,-127.48,Debit,28903.29
1037,737,05-09-2023,Utility bill payment,Utilities,-246.87,Debit,28656.42
1038,612,01-05-2024,Movie or concert ticket,Entertainment,103.95,Credit,28760.37
1039,543,01-03-2024,Utility bill payment,Utilities,60.31,Credit,28820.68
1040,747,08-07-2024,Uber ride or fuel,Transport,197.53,Credit,29018.21
1041,498,10-03-2024,Restaurant bill,Dining Out,414.89,Credit,29433.1
1042,628,09-02-2024,Monthly rent payment,Rent,-450.25,Debit,28982.85
1043,48,08-04-2024,Restaurant bill,Dining Out,-64.78,Debit,28918.07
1044,83,03-12-2023,Utility bill payment,Utilities,77.98,Credit,28996.05
1045,265,01-01-2024,Doctor visit or medication,Healthcare,349.78,Credit,29345.83
1046,544,25-08-2023,Doctor visit or medication,Healthcare,-396.83,Debit,28949
1047,142,06-03-2024,Doctor visit or medication,Healthcare,291.12,Credit,29240.12
1048,621,07-09-2023,Grocery shopping,Groceries,361.88,Credit,29602
1049,356,24-11-2023,Transferred to savings account,Savings,-139.32,Debit,29462.68
1050,848,06-07-2024,Movie or concert ticket,Entertainment,27.09,Credit,29489.77
1051,871,21-03-2024,Restaurant bill,Dining Out,-429.53,Debit,29060.24
1052,366,04-11-2023,Utility bill payment,Utilities,-357.89,Debit,28702.35
1053,258,14-01-2024,Utility bill payment,Utilities,-194.66,Debit,28507.69
1054,358,06-01-2024,Restaurant bill,Dining Out,54.27,Credit,28561.96
1055,915,04-08-2024,Movie or concert ticket,Entertainment,155.2,Credit,28717.16
1056,271,21-09-2023,Utility bill payment,Utilities,-387.25,Debit,28329.91
1057,641,08-07-2024,Restaurant bill,Dining Out,-290.28,Debit,28039.63
1058,155,10-07-2024,Restaurant bill,Dining Out,31.22,Credit,28070.85
1059,520,15-12-2023,Doctor visit or medication,Healthcare,449.71,Credit,28520.56
1060,851,18-12-2023,Monthly rent payment,Rent,229.27,Credit,28749.83
1061,178,05-07-2024,Grocery shopping,Groceries,348.83,Credit,29098.66
1062,397,02-01-2024,Monthly rent payment,Rent,281.13,Credit,29379.79
1063,949,24-11-2023,Monthly rent payment,Rent,327.63,Credit,29707.42
1064,817,22-08-2023,Monthly rent payment,Rent,-363.13,Debit,29344.29
1065,582,08-09-2023,Restaurant bill,Dining Out,-227.17,Debit,29117.12
1066,893,31-12-2023,Uber ride or fuel,Transport,53.42,Credit,29170.54
1067,429,19-02-2024,Monthly rent payment,Rent,106.66,Credit,29277.2
1068,740,06-03-2024,Grocery shopping,Groceries,208.52,Credit,29485.72
1069,607,11-07-2024,Restaurant bill,Dining Out,391.47,Credit,29877.19
1070,112,07-01-2024,Utility bill payment,Utilities,-486.04,Debit,29391.15
1071,801,19-11-2023,Uber ride or fuel,Transport,464.58,Credit,29855.73
1072,743,18-12-2023,Uber ride or fuel,Transport,-266.86,Debit,29588.87
1073,975,10-08-2024,Utility bill payment,Utilities,331.59,Credit,29920.46
1074,381,16-07-2024,Monthly rent payment,Rent,145.55,Credit,30066.01
1075,905,26-05-2024,Movie or concert ticket,Entertainment,399.98,Credit,30465.99
1076,119,01-03-2024,Uber ride or fuel,Transport,-395.75,Debit,30070.24
1077,197,22-11-2023,Grocery shopping,Groceries,-96.53,Debit,29973.71
1078,566,11-03-2024,Doctor visit or medication,Healthcare,-264.98,Debit,29708.73
1079,889,05-06-2024,Transferred to savings account,Savings,-320.04,Debit,29388.69
1080,756,29-10-2023,Grocery shopping,Groceries,315.93,Credit,29704.62
1081,307,25-02-2024,Movie or concert ticket,Entertainment,-255.39,Debit,29449.23
1082,313,02-03-2024,Uber ride or fuel,Transport,423.58,Credit,29872.81
1083,537,15-02-2024,Utility bill payment,Utilities,-461.64,Debit,29411.17
1084,800,17-05-2024,Uber ride or fuel,Transport,-66.56,Debit,29344.61
1085,798,14-10-2023,Monthly rent payment,Rent,-254.88,Debit,29089.73
1086,368,22-09-2023,Restaurant bill,Dining Out,-339.86,Debit,28749.87
1087,116,22-01-2024,Restaurant bill,Dining Out,69.49,Credit,28819.36
1088,259,19-10-2023,Monthly rent payment,Rent,464.87,Credit,29284.23
1089,816,07-10-2023,Utility bill payment,Utilities,142.88,Credit,29427.11
1090,340,02-02-2024,Grocery shopping,Groceries,44.99,Credit,29472.1
1091,207,25-07-2024,Uber ride or fuel,Transport,6.76,Credit,29478.86
1092,846,24-02-2024,Doctor visit or medication,Healthcare,241.1,Credit,29719.96
1093,808,12-03-2024,Restaurant bill,Dining Out,480.32,Credit,30200.28
1094,575,19-08-2023,Transferred to savings account,Savings,-162.9,Debit,30037.38
1095,349,02-02-2024,Transferred to savings account,Savings,-59.78,Debit,29977.6
1096,343,07-05-2024,Doctor visit or medication,Healthcare,482.3,Credit,30459.9
1097,962,10-10-2023,Uber ride or fuel,Transport,315.04,Credit,30774.94
1098,56,03-03-2024,Utility bill payment,Utilities,165.72,Credit,30940.66
1099,101,22-09-2023,Movie or concert ticket,Entertainment,-194.01,Debit,30746.65
1100,398,11-07-2024,Movie or concert ticket,Entertainment,166.32,Credit,30912.97
1101,331,15-02-2024,Transferred to savings account,Savings,205.01,Credit,31117.98
1102,12,20-08-2023,Transferred to savings account,Savings,-170.74,Debit,30947.24
1103,638,10-07-2024,Movie or concert ticket,Entertainment,-233.86,Debit,30713.38
1104,57,11-09-2023,Doctor visit or medication,Healthcare,158.82,Credit,30872.2
1105,568,08-03-2024,Monthly rent payment,Rent,-286.99,Debit,30585.21
1106,328,09-03-2024,Utility bill payment,Utilities,154.3,Credit,30739.51
1107,2,26-12-2023,Uber ride or fuel,Transport,182.81,Credit,30922.32
1108,48,03-10-2023,Movie or concert ticket,Entertainment,-104.33,Debit,30817.99
1109,507,14-07-2024,Restaurant bill,Dining Out,-491.79,Debit,30326.2
1110,959,16-07-2024,Grocery shopping,Groceries,-164.71,Debit,30161.49
1111,888,28-11-2023,Transferred to savings account,Savings,303.65,Credit,30465.14
1112,124,09-10-2023,Grocery shopping,Groceries,-399.09,Debit,30066.05
1113,790,22-03-2024,Movie or concert ticket,Entertainment,391.21,Credit,30457.26
1114,173,14-09-2023,Monthly rent payment,Rent,476.68,Credit,30933.94
1115,978,02-02-2024,Restaurant bill,Dining Out,-210.81,Debit,30723.13
1116,711,08-11-2023,Movie or concert ticket,Entertainment,22.03,Credit,30745.16
1117,429,03-11-2023,Utility bill payment,Utilities,-55.59,Debit,30689.57
1118,649,14-02-2024,Monthly rent payment,Rent,-287.49,Debit,30402.08
1119,645,09-06-2024,Uber ride or fuel,Transport,482.86,Credit,30884.94
1120,532,30-06-2024,Restaurant bill,Dining Out,-185.21,Debit,30699.73
1121,141,13-07-2024,Monthly rent payment,Rent,-475.64,Debit,30224.09
1122,282,18-01-2024,Uber ride or fuel,Transport,283.16,Credit,30507.25
1123,846,10-10-2023,Monthly rent payment,Rent,-154.74,Debit,30352.51
1124,329,20-01-2024,Transferred to savings account,Savings,59.09,Credit,30411.6
1125,66,04-08-2024,Movie or concert ticket,Entertainment,410.97,Credit,30822.57
1126,174,18-09-2023,Utility bill payment,Utilities,-396.43,Debit,30426.14
1127,281,14-07-2024,Transferred to savings account,Savings,95.36,Credit,30521.5
1128,889,09-02-2024,Monthly rent payment,Rent,235.95,Credit,30757.45
1129,623,03-06-2024,Movie or concert ticket,Entertainment,-163.2,Debit,30594.25
1130,51,07-12-2023,Movie or concert ticket,Entertainment,-65.83,Debit,30528.42
1131,397,03-03-2024,Movie or concert ticket,Entertainment,305.15,Credit,30833.57
1132,598,19-07-2024,Doctor visit or medication,Healthcare,337.24,Credit,31170.81
1133,306,01-10-2023,Movie or concert ticket,Entertainment,247.52,Credit,31418.33
1134,674,06-06-2024,Grocery shopping,Groceries,-483.11,Debit,30935.22
1135,626,06-05-2024,Uber ride or fuel,Transport,320.79,Credit,31256.01
1136,800,28-02-2024,Transferred to savings account,Savings,161.85,Credit,31417.86
1137,953,16-06-2024,Grocery shopping,Groceries,-43.17,Debit,31374.69
1138,293,07-02-2024,Restaurant bill,Dining Out,214.34,Credit,31589.03
1139,229,23-11-2023,Uber ride or fuel,Transport,-334.65,Debit,31254.38
1140,877,03-06-2024,Uber ride or fuel,Transport,92.37,Credit,31346.75
1141,917,21-10-2023,Utility bill payment,Utilities,122.36,Credit,31469.11
1142,226,11-08-2024,Doctor visit or medication,Healthcare,98.1,Credit,31567.21
1143,618,08-04-2024,Transferred to savings account,Savings,352.09,Credit,31919.3
1144,976,02-06-2024,Uber ride or fuel,Transport,-63.38,Debit,31855.92
1145,359,01-01-2024,Transferred to savings account,Savings,-434.72,Debit,31421.2
1146,149,05-10-2023,Monthly rent payment,Rent,470.94,Credit,31892.14
1147,853,16-06-2024,Uber ride or fuel,Transport,-162.68,Debit,31729.46
1148,397,05-10-2023,Grocery shopping,Groceries,37.44,Credit,31766.9
1149,721,18-04-2024,Restaurant bill,Dining Out,295.32,Credit,32062.22
1150,75,08-04-2024,Movie or concert ticket,Entertainment,-317.61,Debit,31744.61
1151,540,18-06-2024,Utility bill payment,Utilities,89.44,Credit,31834.05
1152,455,14-02-2024,Restaurant bill,Dining Out,-315.99,Debit,31518.06
1153,383,03-05-2024,Monthly rent payment,Rent,-165.26,Debit,31352.8
1154,664,23-12-2023,Restaurant bill,Dining Out,-303.96,Debit,31048.84
1155,841,26-10-2023,Utility bill payment,Utilities,-495.3,Debit,30553.54
1156,809,24-10-2023,Uber ride or fuel,Transport,-6.35,Debit,30547.19
1157,322,01-03-2024,Uber ride or fuel,Transport,-176.99,Debit,30370.2
1158,846,04-04-2024,Utility bill payment,Utilities,-447.15,Debit,29923.05
1159,895,06-08-2024,Uber ride or fuel,Transport,69.61,Credit,29992.66
1160,753,31-08-2023,Transferred to savings account,Savings,254.24,Credit,30246.9
1161,260,06-12-2023,Uber ride or fuel,Transport,-484.91,Debit,29761.99
1162,803,10-07-2024,Doctor visit or medication,Healthcare,306.19,Credit,30068.18
1163,233,16-10-2023,Doctor visit or medication,Healthcare,-191.04,Debit,29877.14
1164,622,15-05-2024,Restaurant bill,Dining Out,-302.85,Debit,29574.29
1165,304,09-06-2024,Monthly rent payment,Rent,34.28,Credit,29608.57
1166,77,09-02-2024,Utility bill payment,Utilities,232.1,Credit,29840.67
1167,587,15-03-2024,Transferred to savings account,Savings,-147.98,Debit,29692.69
1168,228,24-07-2024,Restaurant bill,Dining Out,103.08,Credit,29795.77
1169,317,02-05-2024,Utility bill payment,Utilities,-173.74,Debit,29622.03
1170,716,18-09-2023,Restaurant bill,Dining Out,50.64,Credit,29672.67
1171,472,27-05-2024,Monthly rent payment,Rent,275.29,Credit,29947.96
1172,9,11-06-2024,Transferred to savings account,Savings,260.43,Credit,30208.39
1173,339,24-08-2023,Monthly rent payment,Rent,149.79,Credit,30358.18
1174,511,07-03-2024,Movie or concert ticket,Entertainment,-418.1,Debit,29940.08
1175,400,01-10-2023,Transferred to savings account,Savings,-436.44,Debit,29503.64
1176,505,04-08-2024,Restaurant bill,Dining Out,-434.67,Debit,29068.97
1177,214,30-05-2024,Utility bill payment,Utilities,354.34,Credit,29423.31
1178,384,04-05-2024,Grocery shopping,Groceries,385.99,Credit,29809.3
1179,315,10-05-2024,Movie or concert ticket,Entertainment,-360.67,Debit,29448.63
1180,73,16-10-2023,Uber ride or fuel,Transport,233.51,Credit,29682.14
1181,862,06-11-2023,Movie or concert ticket,Entertainment,-489.74,Debit,29192.4
1182,119,15-10-2023,Movie or concert ticket,Entertainment,177.42,Credit,29369.82
1183,872,21-05-2024,Doctor visit or medication,Healthcare,-344.69,Debit,29025.13
1184,564,15-06-2024,Transferred to savings account,Savings,-195.35,Debit,28829.78
1185,369,01-03-2024,Doctor visit or medication,Healthcare,119.78,Credit,28949.56
1186,99,25-01-2024,Doctor visit or medication,Healthcare,-245.64,Debit,28703.92
1187,158,07-01-2024,Doctor visit or medication,Healthcare,116.55,Credit,28820.47
1188,318,24-01-2024,Restaurant bill,Dining Out,182.17,Credit,29002.64
1189,391,23-12-2023,Utility bill payment,Utilities,450.34,Credit,29452.98
1190,739,01-04-2024,Doctor visit or medication,Healthcare,-98.92,Debit,29354.06
1191,635,16-04-2024,Grocery shopping,Groceries,-91.51,Debit,29262.55
1192,735,19-03-2024,Movie or concert ticket,Entertainment,-105.94,Debit,29156.61
1193,812,10-06-2024,Doctor visit or medication,Healthcare,398.41,Credit,29555.02
1194,627,05-08-2024,Uber ride or fuel,Transport,306.54,Credit,29861.56
1195,635,11-01-2024,Uber ride or fuel,Transport,-411.79,Debit,29449.77
1196,728,23-06-2024,Grocery shopping,Groceries,486.22,Credit,29935.99
1197,438,07-01-2024,Utility bill payment,Utilities,279.77,Credit,30215.76
1198,839,15-12-2023,Transferred to savings account,Savings,-22.91,Debit,30192.85
1199,753,08-08-2024,Movie or concert ticket,Entertainment,348.91,Credit,30541.76
1200,904,28-01-2024,Doctor visit or medication,Healthcare,-492.99,Debit,30048.77
1201,897,09-10-2023,Uber ride or fuel,Transport,-442.48,Debit,29606.29
1202,304,25-12-2023,Restaurant bill,Dining Out,109.36,Credit,29715.65
1203,904,22-08-2023,Transferred to savings account,Savings,253.74,Credit,29969.39
1204,156,18-08-2023,Doctor visit or medication,Healthcare,416.42,Credit,30385.81
1205,876,11-11-2023,Grocery shopping,Groceries,419.1,Credit,30804.91
1206,180,07-06-2024,Doctor visit or medication,Healthcare,-326.25,Debit,30478.66
1207,418,06-03-2024,Uber ride or fuel,Transport,-35.5,Debit,30443.16
1208,858,21-06-2024,Doctor visit or medication,Healthcare,152.72,Credit,30595.88
1209,294,09-08-2024,Uber ride or fuel,Transport,-446.78,Debit,30149.1
1210,640,16-08-2023,Restaurant bill,Dining Out,-101.2,Debit,30047.9
1211,267,16-04-2024,Movie or concert ticket,Entertainment,-37.09,Debit,30010.81
1212,119,21-06-2024,Restaurant bill,Dining Out,-295.92,Debit,29714.89
1213,69,03-02-2024,Restaurant bill,Dining Out,300.11,Credit,30015
1214,961,26-02-2024,Restaurant bill,Dining Out,448.79,Credit,30463.79
1215,407,09-02-2024,Movie or concert ticket,Entertainment,37.04,Credit,30500.83
1216,935,14-01-2024,Monthly rent payment,Rent,221.84,Credit,30722.67
1217,669,18-04-2024,Restaurant bill,Dining Out,205.02,Credit,30927.69
1218,884,13-01-2024,Grocery shopping,Groceries,-120.9,Debit,30806.79
1219,106,04-01-2024,Transferred to savings account,Savings,-449.35,Debit,30357.44
1220,990,24-04-2024,Doctor visit or medication,Healthcare,-150.09,Debit,30207.35
1221,773,09-05-2024,Movie or concert ticket,Entertainment,-382.63,Debit,29824.72
1222,212,07-03-2024,Monthly rent payment,Rent,203.59,Credit,30028.31
1223,214,04-03-2024,Transferred to savings account,Savings,37.76,Credit,30066.07
1224,757,03-12-2023,Restaurant bill,Dining Out,-385.12,Debit,29680.95
1225,926,03-08-2024,Movie or concert ticket,Entertainment,-299.01,Debit,29381.94
1226,576,05-06-2024,Grocery shopping,Groceries,-105.86,Debit,29276.08
1227,411,03-08-2024,Doctor visit or medication,Healthcare,451.61,Credit,29727.69
1228,678,22-10-2023,Monthly rent payment,Rent,-410.7,Debit,29316.99
1229,644,13-05-2024,Movie or concert ticket,Entertainment,217.63,Credit,29534.62
1230,27,18-07-2024,Utility bill payment,Utilities,-162.65,Debit,29371.97
1231,360,03-05-2024,Movie or concert ticket,Entertainment,-285.13,Debit,29086.84
1232,751,18-01-2024,Monthly rent payment,Rent,458.71,Credit,29545.55
1233,690,07-03-2024,Restaurant bill,Dining Out,157.71,Credit,29703.26
1234,154,20-07-2024,Uber ride or fuel,Transport,283.17,Credit,29986.43
1235,199,12-05-2024,Monthly rent payment,Rent,-385.81,Debit,29600.62
1236,701,26-01-2024,Restaurant bill,Dining Out,328.45,Credit,29929.07
1237,399,04-12-2023,Transferred to savings account,Savings,-305.06,Debit,29624.01
1238,82,21-03-2024,Uber ride or fuel,Transport,-276.8,Debit,29347.21
1239,899,24-04-2024,Uber ride or fuel,Transport,371.44,Credit,29718.65
1240,74,26-07-2024,Uber ride or fuel,Transport,-7.09,Debit,29711.56
1241,387,01-11-2023,Uber ride or fuel,Transport,-485.09,Debit,29226.47
1242,793,13-10-2023,Grocery shopping,Groceries,-9.41,Debit,29217.06
1243,592,16-04-2024,Restaurant bill,Dining Out,-212.47,Debit,29004.59
1244,810,12-02-2024,Utility bill payment,Utilities,-322.14,Debit,28682.45
1245,480,13-09-2023,Doctor visit or medication,Healthcare,142.36,Credit,28824.81
1246,22,01-12-2023,Utility bill payment,Utilities,-59.6,Debit,28765.21
1247,471,15-09-2023,Uber ride or fuel,Transport,-171.2,Debit,28594.01
1248,329,06-12-2023,Utility bill payment,Utilities,-156.97,Debit,28437.04
1249,898,09-09-2023,Movie or concert ticket,Entertainment,208.21,Credit,28645.25
1250,838,29-12-2023,Restaurant bill,Dining Out,148.15,Credit,28793.4
1251,222,06-08-2024,Utility bill payment,Utilities,-366.19,Debit,28427.21
1252,50,28-04-2024,Uber ride or fuel,Transport,24.43,Credit,28451.64
1253,839,28-01-2024,Monthly rent payment,Rent,471.53,Credit,28923.17
1254,292,14-05-2024,Uber ride or fuel,Transport,-82.38,Debit,28840.79
1255,894,26-02-2024,Doctor visit or medication,Healthcare,-340.19,Debit,28500.6
1256,507,01-11-2023,Movie or concert ticket,Entertainment,-228.57,Debit,28272.03
1257,20,20-10-2023,Transferred to savings account,Savings,83.21,Credit,28355.24
1258,127,26-09-2023,Transferred to savings account,Savings,480.82,Credit,28836.06
1259,338,08-11-2023,Grocery shopping,Groceries,266.64,Credit,29102.7
1260,335,02-02-2024,Uber ride or fuel,Transport,481.98,Credit,29584.68
1261,425,31-10-2023,Monthly rent payment,Rent,145.82,Credit,29730.5
1262,577,15-02-2024,Utility bill payment,Utilities,268.4,Credit,29998.9
1263,591,31-01-2024,Grocery shopping,Groceries,-353.87,Debit,29645.03
1264,632,30-07-2024,Uber ride or fuel,Transport,-375.71,Debit,29269.32
1265,783,19-04-2024,Uber ride or fuel,Transport,-135.55,Debit,29133.77
1266,233,06-10-2023,Transferred to savings account,Savings,264.11,Credit,29397.88
1267,836,25-05-2024,Restaurant bill,Dining Out,413.62,Credit,29811.5
1268,384,28-03-2024,Movie or concert ticket,Entertainment,172.21,Credit,29983.71
1269,724,05-10-2023,Grocery shopping,Groceries,295.38,Credit,30279.09
1270,709,19-05-2024,Movie or concert ticket,Entertainment,-215.28,Debit,30063.81
1271,104,09-08-2024,Utility bill payment,Utilities,272.51,Credit,30336.32
1272,255,18-05-2024,Grocery shopping,Groceries,-240.39,Debit,30095.93
1273,977,09-05-2024,Grocery shopping,Groceries,-94.52,Debit,30001.41
1274,316,16-02-2024,Grocery shopping,Groceries,38.5,Credit,30039.91
1275,618,09-04-2024,Movie or concert ticket,Entertainment,-483.56,Debit,29556.35
1276,797,15-02-2024,Doctor visit or medication,Healthcare,-338.66,Debit,29217.69
1277,707,22-01-2024,Transferred to savings account,Savings,243.36,Credit,29461.05
1278,868,17-11-2023,Doctor visit or medication,Healthcare,-26.75,Debit,29434.3
1279,179,28-03-2024,Doctor visit or medication,Healthcare,225.86,Credit,29660.16
1280,468,27-06-2024,Monthly rent payment,Rent,-11.03,Debit,29649.13
1281,370,29-11-2023,Doctor visit or medication,Healthcare,359.17,Credit,30008.3
1282,246,27-03-2024,Grocery shopping,Groceries,230.15,Credit,30238.45
1283,29,30-03-2024,Grocery shopping,Groceries,306.96,Credit,30545.41
1284,191,25-10-2023,Doctor visit or medication,Healthcare,320.55,Credit,30865.96
1285,156,19-04-2024,Movie or concert ticket,Entertainment,447.51,Credit,31313.47
1286,876,22-03-2024,Restaurant bill,Dining Out,-450.32,Debit,30863.15
1287,270,10-07-2024,Movie or concert ticket,Entertainment,83.4,Credit,30946.55
1288,845,11-08-2024,Transferred to savings account,Savings,-27.85,Debit,30918.7
1289,631,14-11-2023,Restaurant bill,Dining Out,441.24,Credit,31359.94
1290,506,13-03-2024,Movie or concert ticket,Entertainment,-202.8,Debit,31157.14
1291,271,14-06-2024,Transferred to savings account,Savings,-261.22,Debit,30895.92
1292,961,03-12-2023,Movie or concert ticket,Entertainment,437.72,Credit,31333.64
1293,8,15-09-2023,Movie or concert ticket,Entertainment,-270.48,Debit,31063.16
1294,676,02-12-2023,Uber ride or fuel,Transport,-357.2,Debit,30705.96
1295,464,03-04-2024,Monthly rent payment,Rent,-406.73,Debit,30299.23
1296,691,30-05-2024,Doctor visit or medication,Healthcare,200.68,Credit,30499.91
1297,718,18-01-2024,Grocery shopping,Groceries,268.65,Credit,30768.56
1298,430,08-09-2023,Utility bill payment,Utilities,-266.15,Debit,30502.41
1299,448,06-03-2024,Movie or concert ticket,Entertainment,80.98,Credit,30583.39
1300,710,25-01-2024,Grocery shopping,Groceries,120.61,Credit,30704
1301,83,13-12-2023,Utility bill payment,Utilities,498.35,Credit,31202.35
1302,333,01-11-2023,Restaurant bill,Dining Out,-440.24,Debit,30762.11
1303,188,02-03-2024,Monthly rent payment,Rent,-447.44,Debit,30314.67
1304,22,26-08-2023,Transferred to savings account,Savings,-80.87,Debit,30233.8
1305,79,12-11-2023,Utility bill payment,Utilities,-169.02,Debit,30064.78
1306,693,11-07-2024,Uber ride or fuel,Transport,-23.22,Debit,30041.56
1307,694,25-04-2024,Transferred to savings account,Savings,-114.13,Debit,29927.43
1308,950,10-09-2023,Transferred to savings account,Savings,452.01,Credit,30379.44
1309,813,10-11-2023,Transferred to savings account,Savings,-81.81,Debit,30297.63
1310,602,13-10-2023,Grocery shopping,Groceries,-472.18,Debit,29825.45
1311,666,11-03-2024,Movie or concert ticket,Entertainment,239.43,Credit,30064.88
1312,965,21-11-2023,Doctor visit or medication,Healthcare,310.11,Credit,30374.99
1313,982,06-02-2024,Transferred to savings account,Savings,118.82,Credit,30493.81
1314,151,01-11-2023,Grocery shopping,Groceries,397.17,Credit,30890.98
1315,755,05-06-2024,Movie or concert ticket,Entertainment,-233.75,Debit,30657.23
1316,722,13-09-2023,Doctor visit or medication,Healthcare,-418.51,Debit,30238.72
1317,757,26-03-2024,Uber ride or fuel,Transport,296.36,Credit,30535.08
1318,404,02-05-2024,Doctor visit or medication,Healthcare,308.61,Credit,30843.69
1319,98,31-08-2023,Doctor visit or medication,Healthcare,-274.43,Debit,30569.26
1320,729,15-11-2023,Monthly rent payment,Rent,473.93,Credit,31043.19
1321,600,30-11-2023,Restaurant bill,Dining Out,241.62,Credit,31284.81
1322,868,18-01-2024,Grocery shopping,Groceries,310.67,Credit,31595.48
1323,223,29-09-2023,Grocery shopping,Groceries,-404.36,Debit,31191.12
1324,324,09-03-2024,Doctor visit or medication,Healthcare,435.52,Credit,31626.64
1325,153,26-09-2023,Transferred to savings account,Savings,308.3,Credit,31934.94
1326,297,14-05-2024,Movie or concert ticket,Entertainment,-398.78,Debit,31536.16
1327,434,09-02-2024,Doctor visit or medication,Healthcare,-272.41,Debit,31263.75
1328,426,21-07-2024,Movie or concert ticket,Entertainment,-230.46,Debit,31033.29
1329,576,21-05-2024,Movie or concert ticket,Entertainment,111.6,Credit,31144.89
1330,497,27-03-2024,Restaurant bill,Dining Out,138.53,Credit,31283.42
1331,956,26-06-2024,Monthly rent payment,Rent,-434.16,Debit,30849.26
1332,996,11-09-2023,Doctor visit or medication,Healthcare,-386.21,Debit,30463.05
1333,30,03-03-2024,Uber ride or fuel,Transport,22.65,Credit,30485.7
1334,623,29-01-2024,Uber ride or fuel,Transport,-440.46,Debit,30045.24
1335,443,01-03-2024,Uber ride or fuel,Transport,-476.32,Debit,29568.92
1336,306,02-04-2024,Transferred to savings account,Savings,475.15,Credit,30044.07
1337,838,12-01-2024,Movie or concert ticket,Entertainment,-119,Debit,29925.07
1338,286,17-11-2023,Grocery shopping,Groceries,-153.06,Debit,29772.01
1339,856,29-01-2024,Grocery shopping,Groceries,-428.58,Debit,29343.43
1340,5,02-06-2024,Uber ride or fuel,Transport,58.46,Credit,29401.89
1341,164,17-08-2023,Grocery shopping,Groceries,-262.03,Debit,29139.86
1342,235,22-08-2023,Uber ride or fuel,Transport,-469.17,Debit,28670.69
1343,172,02-09-2023,Movie or concert ticket,Entertainment,-74.55,Debit,28596.14
1344,592,24-08-2023,Grocery shopping,Groceries,-151.97,Debit,28444.17
1345,325,18-10-2023,Uber ride or fuel,Transport,-320.31,Debit,28123.86
1346,270,21-05-2024,Transferred to savings account,Savings,-197.92,Debit,27925.94
1347,950,28-04-2024,Transferred to savings account,Savings,-84.5,Debit,27841.44
1348,258,26-07-2024,Monthly rent payment,Rent,-105.29,Debit,27736.15
1349,650,09-01-2024,Utility bill payment,Utilities,197.47,Credit,27933.62
1350,429,04-04-2024,Uber ride or fuel,Transport,-37.15,Debit,27896.47
1351,643,06-03-2024,Uber ride or fuel,Transport,424.68,Credit,28321.15
1352,336,06-07-2024,Doctor visit or medication,Healthcare,-355.09,Debit,27966.06
1353,881,26-10-2023,Transferred to savings account,Savings,299.6,Credit,28265.66
1354,8,29-06-2024,Monthly rent payment,Rent,-461.51,Debit,27804.15
1355,758,20-10-2023,Monthly rent payment,Rent,285.09,Credit,28089.24
1356,386,29-03-2024,Doctor visit or medication,Healthcare,-153.78,Debit,27935.46
1357,252,07-07-2024,Utility bill payment,Utilities,-475.3,Debit,27460.16
1358,102,23-09-2023,Doctor visit or medication,Healthcare,-103.61,Debit,27356.55
1359,27,15-07-2024,Utility bill payment,Utilities,423.37,Credit,27779.92
1360,956,14-11-2023,Movie or concert ticket,Entertainment,-431.01,Debit,27348.91
1361,844,06-03-2024,Uber ride or fuel,Transport,251.39,Credit,27600.3
1362,29,25-01-2024,Movie or concert ticket,Entertainment,-481.31,Debit,27118.99
1363,815,15-09-2023,Transferred to savings account,Savings,-155.4,Debit,26963.59
1364,299,11-06-2024,Grocery shopping,Groceries,472.43,Credit,27436.02
1365,737,05-02-2024,Restaurant bill,Dining Out,198.9,Credit,27634.92
1366,755,16-04-2024,Utility bill payment,Utilities,-308.94,Debit,27325.98
1367,688,04-11-2023,Uber ride or fuel,Transport,42.78,Credit,27368.76
1368,658,22-08-2023,Uber ride or fuel,Transport,165.15,Credit,27533.91
1369,43,13-11-2023,Grocery shopping,Groceries,202.61,Credit,27736.52
1370,851,25-06-2024,Restaurant bill,Dining Out,-479.02,Debit,27257.5
1371,400,10-04-2024,Restaurant bill,Dining Out,-23.49,Debit,27234.01
1372,194,31-12-2023,Movie or concert ticket,Entertainment,-428.54,Debit,26805.47
1373,41,25-03-2024,Uber ride or fuel,Transport,-499.04,Debit,26306.43
1374,539,21-07-2024,Uber ride or fuel,Transport,-38.91,Debit,26267.52
1375,998,12-02-2024,Utility bill payment,Utilities,367.83,Credit,26635.35
1376,85,05-06-2024,Restaurant bill,Dining Out,481.61,Credit,27116.96
1377,142,12-05-2024,Grocery shopping,Groceries,-30.58,Debit,27086.38
1378,537,06-11-2023,Doctor visit or medication,Healthcare,-442.53,Debit,26643.85
1379,993,11-10-2023,Uber ride or fuel,Transport,478.93,Credit,27122.78
1380,38,28-10-2023,Transferred to savings account,Savings,-291.11,Debit,26831.67
1381,268,03-10-2023,Utility bill payment,Utilities,-488.39,Debit,26343.28
1382,352,15-11-2023,Transferred to savings account,Savings,295.53,Credit,26638.81
1383,827,27-02-2024,Restaurant bill,Dining Out,493.43,Credit,27132.24
1384,607,26-01-2024,Uber ride or fuel,Transport,-195.71,Debit,26936.53
1385,560,10-02-2024,Movie or concert ticket,Entertainment,269.06,Credit,27205.59
1386,753,07-01-2024,Transferred to savings account,Savings,-181.41,Debit,27024.18
1387,320,14-09-2023,Doctor visit or medication,Healthcare,474.99,Credit,27499.17
1388,588,29-03-2024,Monthly rent payment,Rent,-32.72,Debit,27466.45
1389,891,19-07-2024,Doctor visit or medication,Healthcare,127.08,Credit,27593.53
1390,224,01-08-2024,Restaurant bill,Dining Out,250.56,Credit,27844.09
1391,340,01-01-2024,Utility bill payment,Utilities,215.39,Credit,28059.48
1392,962,23-10-2023,Uber ride or fuel,Transport,-370.17,Debit,27689.31
1393,860,10-02-2024,Restaurant bill,Dining Out,58.64,Credit,27747.95
1394,801,23-01-2024,Utility bill payment,Utilities,105.18,Credit,27853.13
1395,941,07-01-2024,Utility bill payment,Utilities,-268.74,Debit,27584.39
1396,594,08-08-2024,Monthly rent payment,Rent,-306.04,Debit,27278.35
1397,540,23-10-2023,Uber ride or fuel,Transport,-444.08,Debit,26834.27
1398,968,21-02-2024,Movie or concert ticket,Entertainment,-262.32,Debit,26571.95
1399,712,31-01-2024,Monthly rent payment,Rent,-40.74,Debit,26531.21
1400,804,01-03-2024,Utility bill payment,Utilities,-77.72,Debit,26453.49
1401,785,18-02-2024,Movie or concert ticket,Entertainment,168.14,Credit,26621.63
1402,539,11-11-2023,Movie or concert ticket,Entertainment,262.2,Credit,26883.83
1403,140,21-12-2023,Doctor visit or medication,Healthcare,-486.96,Debit,26396.87
1404,435,27-02-2024,Uber ride or fuel,Transport,431.25,Credit,26828.12
1405,929,05-06-2024,Restaurant bill,Dining Out,250.49,Credit,27078.61
1406,944,04-01-2024,Monthly rent payment,Rent,18.17,Credit,27096.78
1407,764,04-06-2024,Movie or concert ticket,Entertainment,201.35,Credit,27298.13
1408,22,23-01-2024,Restaurant bill,Dining Out,-431.85,Debit,26866.28
1409,259,29-11-2023,Monthly rent payment,Rent,359.78,Credit,27226.06
1410,95,27-12-2023,Grocery shopping,Groceries,-194.88,Debit,27031.18
1411,731,07-12-2023,Uber ride or fuel,Transport,266.66,Credit,27297.84
1412,663,17-12-2023,Transferred to savings account,Savings,-146.73,Debit,27151.11
1413,460,04-07-2024,Movie or concert ticket,Entertainment,-282.3,Debit,26868.81
1414,789,16-02-2024,Grocery shopping,Groceries,33.02,Credit,26901.83
1415,607,07-06-2024,Grocery shopping,Groceries,138.47,Credit,27040.3
1416,218,16-07-2024,Grocery shopping,Groceries,-49.4,Debit,26990.9
1417,336,30-05-2024,Uber ride or fuel,Transport,266.82,Credit,27257.72
1418,585,24-07-2024,Restaurant bill,Dining Out,260.31,Credit,27518.03
1419,696,18-04-2024,Utility bill payment,Utilities,-137.18,Debit,27380.85
1420,722,23-11-2023,Uber ride or fuel,Transport,373.01,Credit,27753.86
1421,890,07-08-2024,Restaurant bill,Dining Out,136.62,Credit,27890.48
1422,402,26-06-2024,Transferred to savings account,Savings,-199.1,Debit,27691.38
1423,795,14-09-2023,Doctor visit or medication,Healthcare,380.82,Credit,28072.2
1424,723,02-03-2024,Doctor visit or medication,Healthcare,255.93,Credit,28328.13
1425,373,23-09-2023,Movie or concert ticket,Entertainment,210.44,Credit,28538.57
1426,196,15-01-2024,Restaurant bill,Dining Out,361.58,Credit,28900.15
1427,169,02-09-2023,Restaurant bill,Dining Out,61.85,Credit,28962
1428,967,03-07-2024,Grocery shopping,Groceries,-496.94,Debit,28465.06
1429,830,08-09-2023,Transferred to savings account,Savings,385.3,Credit,28850.36
1430,536,03-06-2024,Transferred to savings account,Savings,329.56,Credit,29179.92
1431,459,08-10-2023,Transferred to savings account,Savings,-90.88,Debit,29089.04
1432,494,05-10-2023,Restaurant bill,Dining Out,-476.08,Debit,28612.96
1433,28,29-04-2024,Monthly rent payment,Rent,420.15,Credit,29033.11
1434,677,18-02-2024,Doctor visit or medication,Healthcare,-497.08,Debit,28536.03
1435,51,19-05-2024,Monthly rent payment,Rent,391.35,Credit,28927.38
1436,629,19-04-2024,Monthly rent payment,Rent,-492.41,Debit,28434.97
1437,613,06-09-2023,Monthly rent payment,Rent,-193.7,Debit,28241.27
1438,626,13-06-2024,Movie or concert ticket,Entertainment,-429.63,Debit,27811.64
1439,768,12-05-2024,Restaurant bill,Dining Out,-150.93,Debit,27660.71
1440,612,30-09-2023,Transferred to savings account,Savings,328.83,Credit,27989.54
1441,572,10-04-2024,Movie or concert ticket,Entertainment,403.05,Credit,28392.59
1442,138,13-08-2023,Utility bill payment,Utilities,-385.83,Debit,28006.76
1443,883,19-09-2023,Movie or concert ticket,Entertainment,-333.89,Debit,27672.87
1444,64,03-02-2024,Transferred to savings account,Savings,12.5,Credit,27685.37
1445,462,10-04-2024,Movie or concert ticket,Entertainment,131.21,Credit,27816.58
1446,997,24-10-2023,Uber ride or fuel,Transport,418.55,Credit,28235.13
1447,915,29-04-2024,Movie or concert ticket,Entertainment,-493.44,Debit,27741.69
1448,293,11-01-2024,Doctor visit or medication,Healthcare,-10.67,Debit,27731.02
1449,235,10-11-2023,Movie or concert ticket,Entertainment,124.57,Credit,27855.59
1450,962,24-10-2023,Uber ride or fuel,Transport,-225.96,Debit,27629.63
1451,389,29-02-2024,Doctor visit or medication,Healthcare,274.12,Credit,27903.75
1452,911,23-04-2024,Restaurant bill,Dining Out,22.26,Credit,27926.01
1453,775,06-12-2023,Utility bill payment,Utilities,-206.32,Debit,27719.69
1454,522,06-12-2023,Transferred to savings account,Savings,206.91,Credit,27926.6
1455,72,04-06-2024,Monthly rent payment,Rent,452.99,Credit,28379.59
1456,842,15-05-2024,Restaurant bill,Dining Out,-226.85,Debit,28152.74
1457,866,20-12-2023,Monthly rent payment,Rent,-192,Debit,27960.74
1458,56,08-02-2024,Restaurant bill,Dining Out,84.83,Credit,28045.57
1459,916,16-08-2023,Uber ride or fuel,Transport,36.85,Credit,28082.42
1460,781,05-08-2024,Movie or concert ticket,Entertainment,-353.86,Debit,27728.56
1461,142,27-04-2024,Movie or concert ticket,Entertainment,492.2,Credit,28220.76
1462,753,06-11-2023,Movie or concert ticket,Entertainment,-7.66,Debit,28213.1
1463,903,31-12-2023,Doctor visit or medication,Healthcare,70.99,Credit,28284.09
1464,183,14-04-2024,Restaurant bill,Dining Out,122.47,Credit,28406.56
1465,13,12-11-2023,Transferred to savings account,Savings,387.23,Credit,28793.79
1466,298,11-02-2024,Movie or concert ticket,Entertainment,496.62,Credit,29290.41
1467,369,28-01-2024,Doctor visit or medication,Healthcare,-166.39,Debit,29124.02
1468,820,08-06-2024,Uber ride or fuel,Transport,-35.66,Debit,29088.36
1469,594,21-08-2023,Transferred to savings account,Savings,-338.48,Debit,28749.88
1470,227,03-09-2023,Uber ride or fuel,Transport,-410.33,Debit,28339.55
1471,969,27-08-2023,Restaurant bill,Dining Out,-11.66,Debit,28327.89
1472,991,22-06-2024,Movie or concert ticket,Entertainment,341.94,Credit,28669.83
1473,815,27-01-2024,Utility bill payment,Utilities,-444.06,Debit,28225.77
1474,401,12-07-2024,Utility bill payment,Utilities,195.58,Credit,28421.35
1475,631,28-03-2024,Grocery shopping,Groceries,-206.86,Debit,28214.49
1476,41,21-07-2024,Grocery shopping,Groceries,58.53,Credit,28273.02
1477,46,19-08-2023,Restaurant bill,Dining Out,-271.19,Debit,28001.83
1478,396,12-10-2023,Transferred to savings account,Savings,-95.07,Debit,27906.76
1479,560,29-09-2023,Grocery shopping,Groceries,-53.27,Debit,27853.49
1480,853,09-12-2023,Utility bill payment,Utilities,-216.32,Debit,27637.17
1481,790,20-01-2024,Grocery shopping,Groceries,-13.65,Debit,27623.52
1482,124,22-06-2024,Restaurant bill,Dining Out,-381.75,Debit,27241.77
1483,361,14-07-2024,Utility bill payment,Utilities,-396.33,Debit,26845.44
1484,702,24-05-2024,Movie or concert ticket,Entertainment,124.63,Credit,26970.07
1485,955,01-10-2023,Uber ride or fuel,Transport,-333.42,Debit,26636.65
1486,80,05-08-2024,Utility bill payment,Utilities,355.45,Credit,26992.1
1487,672,04-05-2024,Movie or concert ticket,Entertainment,-301.58,Debit,26690.52
1488,129,02-01-2024,Movie or concert ticket,Entertainment,-333.43,Debit,26357.09
1489,892,12-01-2024,Restaurant bill,Dining Out,197.76,Credit,26554.85
1490,937,08-08-2024,Uber ride or fuel,Transport,-229.49,Debit,26325.36
1491,955,14-11-2023,Restaurant bill,Dining Out,405.77,Credit,26731.13
1492,858,14-12-2023,Utility bill payment,Utilities,142.61,Credit,26873.74
1493,805,04-12-2023,Transferred to savings account,Savings,79.31,Credit,26953.05
1494,157,02-10-2023,Movie or concert ticket,Entertainment,-492.04,Debit,26461.01
1495,811,18-09-2023,Uber ride or fuel,Transport,170.83,Credit,26631.84
1496,277,18-08-2023,Movie or concert ticket,Entertainment,-250.02,Debit,26381.82
1497,762,08-08-2024,Restaurant bill,Dining Out,444.93,Credit,26826.75
1498,467,28-06-2024,Doctor visit or medication,Healthcare,-59.81,Debit,26766.94
1499,524,02-07-2024,Grocery shopping,Groceries,-445.47,Debit,26321.47
1500,13,15-09-2023,Grocery shopping,Groceries,-279.87,Debit,26041.6
1501,606,03-06-2024,Grocery shopping,Groceries,304.73,Credit,26346.33
1502,494,07-03-2024,Uber ride or fuel,Transport,-224.58,Debit,26121.75
1503,523,20-11-2023,Transferred to savings account,Savings,138.31,Credit,26260.06
1504,899,17-12-2023,Movie or concert ticket,Entertainment,-258.91,Debit,26001.15
1505,538,25-08-2023,Doctor visit or medication,Healthcare,291.81,Credit,26292.96
1506,93,23-05-2024,Doctor visit or medication,Healthcare,-105.71,Debit,26187.25
1507,246,23-11-2023,Movie or concert ticket,Entertainment,-67.6,Debit,26119.65
1508,27,06-08-2024,Utility bill payment,Utilities,-50.7,Debit,26068.95
1509,174,12-02-2024,Utility bill payment,Utilities,69.52,Credit,26138.47
1510,325,11-09-2023,Transferred to savings account,Savings,322.86,Credit,26461.33
1511,194,18-03-2024,Movie or concert ticket,Entertainment,-49.66,Debit,26411.67
1512,957,07-01-2024,Monthly rent payment,Rent,177.95,Credit,26589.62
1513,698,25-09-2023,Doctor visit or medication,Healthcare,393.28,Credit,26982.9
1514,964,30-06-2024,Monthly rent payment,Rent,233.5,Credit,27216.4
1515,697,22-06-2024,Utility bill payment,Utilities,-132.53,Debit,27083.87
1516,155,16-04-2024,Monthly rent payment,Rent,266.34,Credit,27350.21
1517,697,10-04-2024,Uber ride or fuel,Transport,308.72,Credit,27658.93
1518,356,09-03-2024,Movie or concert ticket,Entertainment,194.04,Credit,27852.97
1519,285,13-01-2024,Monthly rent payment,Rent,-305.47,Debit,27547.5
1520,862,27-12-2023,Doctor visit or medication,Healthcare,-371.89,Debit,27175.61
1521,329,11-03-2024,Movie or concert ticket,Entertainment,-104.28,Debit,27071.33
1522,659,19-10-2023,Movie or concert ticket,Entertainment,411.23,Credit,27482.56
1523,169,23-12-2023,Restaurant bill,Dining Out,416.19,Credit,27898.75
1524,318,12-09-2023,Doctor visit or medication,Healthcare,-374.94,Debit,27523.81
1525,500,24-03-2024,Utility bill payment,Utilities,-15.14,Debit,27508.67
1526,140,11-08-2024,Grocery shopping,Groceries,148.97,Credit,27657.64
1527,488,19-09-2023,Uber ride or fuel,Transport,85.42,Credit,27743.06
1528,740,03-05-2024,Uber ride or fuel,Transport,-215.21,Debit,27527.85
1529,371,19-11-2023,Doctor visit or medication,Healthcare,-450.26,Debit,27077.59
1530,735,23-07-2024,Uber ride or fuel,Transport,-158.45,Debit,26919.14
1531,902,07-12-2023,Restaurant bill,Dining Out,-429.39,Debit,26489.75
1532,851,29-07-2024,Utility bill payment,Utilities,-250.12,Debit,26239.63
1533,72,30-08-2023,Transferred to savings account,Savings,445.22,Credit,26684.85
1534,287,02-11-2023,Transferred to savings account,Savings,389.93,Credit,27074.78
1535,900,25-08-2023,Uber ride or fuel,Transport,-32.99,Debit,27041.79
1536,623,15-10-2023,Movie or concert ticket,Entertainment,73.4,Credit,27115.19
1537,131,31-05-2024,Grocery shopping,Groceries,85.03,Credit,27200.22
1538,937,09-09-2023,Transferred to savings account,Savings,-148.23,Debit,27051.99
1539,921,28-08-2023,Grocery shopping,Groceries,296.24,Credit,27348.23
1540,102,10-02-2024,Utility bill payment,Utilities,-238.84,Debit,27109.39
1541,31,04-01-2024,Uber ride or fuel,Transport,233.59,Credit,27342.98
1542,216,24-10-2023,Monthly rent payment,Rent,76.97,Credit,27419.95
1543,38,08-04-2024,Doctor visit or medication,Healthcare,-425.21,Debit,26994.74
1544,944,08-06-2024,Utility bill payment,Utilities,462.26,Credit,27457
1545,71,25-10-2023,Transferred to savings account,Savings,296.66,Credit,27753.66
1546,469,31-10-2023,Movie or concert ticket,Entertainment,207.15,Credit,27960.81
1547,322,20-05-2024,Monthly rent payment,Rent,94.41,Credit,28055.22
1548,262,20-07-2024,Restaurant bill,Dining Out,-393.27,Debit,27661.95
1549,545,23-05-2024,Transferred to savings account,Savings,-380.48,Debit,27281.47
1550,664,21-12-2023,Movie or concert ticket,Entertainment,225.81,Credit,27507.28
1551,570,22-07-2024,Uber ride or fuel,Transport,-186.12,Debit,27321.16
1552,531,05-11-2023,Doctor visit or medication,Healthcare,-353.3,Debit,26967.86
1553,76,30-07-2024,Restaurant bill,Dining Out,-231.77,Debit,26736.09
1554,460,29-02-2024,Utility bill payment,Utilities,-400.83,Debit,26335.26
1555,333,16-01-2024,Doctor visit or medication,Healthcare,174.2,Credit,26509.46
1556,122,07-06-2024,Uber ride or fuel,Transport,318.38,Credit,26827.84
1557,140,07-01-2024,Uber ride or fuel,Transport,-430.45,Debit,26397.39
1558,781,21-10-2023,Restaurant bill,Dining Out,318.4,Credit,26715.79
1559,800,07-11-2023,Movie or concert ticket,Entertainment,236.12,Credit,26951.91
1560,852,16-09-2023,Transferred to savings account,Savings,-276.41,Debit,26675.5
1561,995,09-06-2024,Restaurant bill,Dining Out,426.34,Credit,27101.84
1562,717,22-02-2024,Movie or concert ticket,Entertainment,-210.7,Debit,26891.14
1563,988,26-06-2024,Monthly rent payment,Rent,-379.28,Debit,26511.86
1564,300,20-07-2024,Utility bill payment,Utilities,-225.53,Debit,26286.33
1565,238,07-11-2023,Uber ride or fuel,Transport,-247.22,Debit,26039.11
1566,696,16-11-2023,Grocery shopping,Groceries,-202.09,Debit,25837.02
1567,280,27-03-2024,Uber ride or fuel,Transport,-100.52,Debit,25736.5
1568,328,07-03-2024,Uber ride or fuel,Transport,301.95,Credit,26038.45
1569,270,24-06-2024,Movie or concert ticket,Entertainment,-348.64,Debit,25689.81
1570,937,28-06-2024,Doctor visit or medication,Healthcare,401.58,Credit,26091.39
1571,36,02-03-2024,Uber ride or fuel,Transport,96.44,Credit,26187.83
1572,456,22-04-2024,Doctor visit or medication,Healthcare,-390.96,Debit,25796.87
1573,357,24-03-2024,Doctor visit or medication,Healthcare,93.69,Credit,25890.56
1574,564,29-09-2023,Transferred to savings account,Savings,328.59,Credit,26219.15
1575,889,20-05-2024,Monthly rent payment,Rent,81.73,Credit,26300.88
1576,109,07-10-2023,Movie or concert ticket,Entertainment,-356.52,Debit,25944.36
1577,324,01-03-2024,Doctor visit or medication,Healthcare,-301.76,Debit,25642.6
1578,790,18-11-2023,Transferred to savings account,Savings,385.78,Credit,26028.38
1579,975,13-12-2023,Transferred to savings account,Savings,229.29,Credit,26257.67
1580,655,08-05-2024,Grocery shopping,Groceries,-436.84,Debit,25820.83
1581,685,22-05-2024,Monthly rent payment,Rent,257.91,Credit,26078.74
1582,579,08-11-2023,Uber ride or fuel,Transport,335.08,Credit,26413.82
1583,223,05-12-2023,Restaurant bill,Dining Out,-320.29,Debit,26093.53
1584,27,22-08-2023,Uber ride or fuel,Transport,-361.9,Debit,25731.63
1585,775,29-04-2024,Uber ride or fuel,Transport,415.46,Credit,26147.09
1586,492,07-05-2024,Movie or concert ticket,Entertainment,-378.88,Debit,25768.21
1587,471,11-10-2023,Grocery shopping,Groceries,332.84,Credit,26101.05
1588,129,05-11-2023,Utility bill payment,Utilities,467.76,Credit,26568.81
1589,161,11-03-2024,Utility bill payment,Utilities,68.26,Credit,26637.07
1590,839,09-10-2023,Restaurant bill,Dining Out,-465.15,Debit,26171.92
1591,659,17-04-2024,Restaurant bill,Dining Out,-409,Debit,25762.92
1592,75,20-11-2023,Movie or concert ticket,Entertainment,-288.82,Debit,25474.1
1593,113,30-10-2023,Doctor visit or medication,Healthcare,123.29,Credit,25597.39
1594,383,23-02-2024,Uber ride or fuel,Transport,444.54,Credit,26041.93
1595,747,26-06-2024,Utility bill payment,Utilities,-30.07,Debit,26011.86
1596,8,02-11-2023,Transferred to savings account,Savings,-315.68,Debit,25696.18
1597,705,08-02-2024,Doctor visit or medication,Healthcare,483.37,Credit,26179.55
1598,7,20-10-2023,Doctor visit or medication,Healthcare,91.5,Credit,26271.05
1599,279,28-01-2024,Restaurant bill,Dining Out,341.56,Credit,26612.61
1600,855,25-03-2024,Monthly rent payment,Rent,8.59,Credit,26621.2
1601,607,10-04-2024,Uber ride or fuel,Transport,249.79,Credit,26870.99
1602,432,30-06-2024,Transferred to savings account,Savings,183.39,Credit,27054.38
1603,736,11-09-2023,Monthly rent payment,Rent,-444.37,Debit,26610.01
1604,853,24-08-2023,Doctor visit or medication,Healthcare,-63.97,Debit,26546.04
1605,615,14-07-2024,Uber ride or fuel,Transport,209.81,Credit,26755.85
1606,502,30-03-2024,Doctor visit or medication,Healthcare,498.18,Credit,27254.03
1607,175,08-05-2024,Uber ride or fuel,Transport,-285.56,Debit,26968.47
1608,622,20-02-2024,Movie or concert ticket,Entertainment,431.9,Credit,27400.37
1609,67,23-06-2024,Utility bill payment,Utilities,297.4,Credit,27697.77
1610,847,05-04-2024,Uber ride or fuel,Transport,436.09,Credit,28133.86
1611,177,01-05-2024,Movie or concert ticket,Entertainment,247.22,Credit,28381.08
1612,530,22-09-2023,Uber ride or fuel,Transport,-33.81,Debit,28347.27
1613,421,30-07-2024,Transferred to savings account,Savings,349.88,Credit,28697.15
1614,235,04-09-2023,Utility bill payment,Utilities,-104.87,Debit,28592.28
1615,19,05-05-2024,Monthly rent payment,Rent,448.28,Credit,29040.56
1616,936,15-09-2023,Monthly rent payment,Rent,273.69,Credit,29314.25
1617,850,04-09-2023,Transferred to savings account,Savings,202.23,Credit,29516.48
1618,215,29-12-2023,Doctor visit or medication,Healthcare,-28.73,Debit,29487.75
1619,924,29-08-2023,Monthly rent payment,Rent,152.74,Credit,29640.49
1620,4,05-11-2023,Monthly rent payment,Rent,-293.14,Debit,29347.35
1621,397,17-02-2024,Monthly rent payment,Rent,446.62,Credit,29793.97
1622,610,19-02-2024,Doctor visit or medication,Healthcare,-97.42,Debit,29696.55
1623,56,26-03-2024,Transferred to savings account,Savings,44,Credit,29740.55
1624,18,22-01-2024,Restaurant bill,Dining Out,305.64,Credit,30046.19
1625,650,05-04-2024,Doctor visit or medication,Healthcare,407.95,Credit,30454.14
1626,352,15-12-2023,Uber ride or fuel,Transport,-104.74,Debit,30349.4
1627,29,21-09-2023,Movie or concert ticket,Entertainment,-136.92,Debit,30212.48
1628,446,08-01-2024,Doctor visit or medication,Healthcare,21.2,Credit,30233.68
1629,518,09-10-2023,Movie or concert ticket,Entertainment,-197.96,Debit,30035.72
1630,82,02-10-2023,Doctor visit or medication,Healthcare,-254.28,Debit,29781.44
1631,118,11-05-2024,Grocery shopping,Groceries,-454.22,Debit,29327.22
1632,576,07-08-2024,Grocery shopping,Groceries,64.75,Credit,29391.97
1633,746,21-06-2024,Monthly rent payment,Rent,-149.25,Debit,29242.72
1634,554,14-09-2023,Utility bill payment,Utilities,130.33,Credit,29373.05
1635,536,27-12-2023,Doctor visit or medication,Healthcare,-243.59,Debit,29129.46
1636,374,25-01-2024,Doctor visit or medication,Healthcare,-343.94,Debit,28785.52
1637,600,07-05-2024,Transferred to savings account,Savings,15.49,Credit,28801.01
1638,503,17-08-2023,Movie or concert ticket,Entertainment,26.69,Credit,28827.7
1639,411,25-09-2023,Uber ride or fuel,Transport,-380.68,Debit,28447.02
1640,982,24-04-2024,Restaurant bill,Dining Out,-231.16,Debit,28215.86
1641,846,17-09-2023,Monthly rent payment,Rent,-274.36,Debit,27941.5
1642,306,21-10-2023,Grocery shopping,Groceries,-299.8,Debit,27641.7
1643,388,29-12-2023,Transferred to savings account,Savings,-259.1,Debit,27382.6
1644,545,11-01-2024,Movie or concert ticket,Entertainment,-76.45,Debit,27306.15
1645,116,04-10-2023,Transferred to savings account,Savings,269.63,Credit,27575.78
1646,98,08-10-2023,Transferred to savings account,Savings,-177.92,Debit,27397.86
1647,878,15-03-2024,Transferred to savings account,Savings,-227.85,Debit,27170.01
1648,426,23-06-2024,Grocery shopping,Groceries,240.52,Credit,27410.53
1649,620,24-11-2023,Uber ride or fuel,Transport,31.62,Credit,27442.15
1650,181,26-05-2024,Doctor visit or medication,Healthcare,285.26,Credit,27727.41
1651,424,05-09-2023,Grocery shopping,Groceries,197.03,Credit,27924.44
1652,174,18-05-2024,Monthly rent payment,Rent,215.52,Credit,28139.96
1653,496,16-02-2024,Doctor visit or medication,Healthcare,299.23,Credit,28439.19
1654,780,22-07-2024,Doctor visit or medication,Healthcare,-464.69,Debit,27974.5
1655,939,18-11-2023,Doctor visit or medication,Healthcare,38.84,Credit,28013.34
1656,379,24-11-2023,Monthly rent payment,Rent,-315.86,Debit,27697.48
1657,462,04-10-2023,Transferred to savings account,Savings,-194.87,Debit,27502.61
1658,700,18-12-2023,Grocery shopping,Groceries,-155.02,Debit,27347.59
1659,745,23-01-2024,Movie or concert ticket,Entertainment,-408.06,Debit,26939.53
1660,491,28-03-2024,Utility bill payment,Utilities,82.42,Credit,27021.95
1661,265,07-03-2024,Doctor visit or medication,Healthcare,31.89,Credit,27053.84
1662,639,23-09-2023,Monthly rent payment,Rent,-401.61,Debit,26652.23
1663,948,14-01-2024,Restaurant bill,Dining Out,-200.37,Debit,26451.86
1664,154,07-04-2024,Doctor visit or medication,Healthcare,-353.71,Debit,26098.15
1665,386,01-06-2024,Restaurant bill,Dining Out,-460.83,Debit,25637.32
1666,708,19-02-2024,Utility bill payment,Utilities,-375.7,Debit,25261.62
1667,883,30-05-2024,Transferred to savings account,Savings,349.24,Credit,25610.86
1668,490,10-10-2023,Restaurant bill,Dining Out,308.15,Credit,25919.01
1669,142,09-01-2024,Monthly rent payment,Rent,190.32,Credit,26109.33
1670,244,31-01-2024,Restaurant bill,Dining Out,-136.2,Debit,25973.13
1671,501,17-04-2024,Grocery shopping,Groceries,-420.38,Debit,25552.75
1672,356,17-08-2023,Uber ride or fuel,Transport,-498.45,Debit,25054.3
1673,962,06-12-2023,Grocery shopping,Groceries,-272.91,Debit,24781.39
1674,365,14-11-2023,Monthly rent payment,Rent,190.44,Credit,24971.83
1675,831,14-07-2024,Monthly rent payment,Rent,375.4,Credit,25347.23
1676,452,15-11-2023,Doctor visit or medication,Healthcare,204.74,Credit,25551.97
1677,40,14-11-2023,Restaurant bill,Dining Out,-198.45,Debit,25353.52
1678,374,02-06-2024,Grocery shopping,Groceries,60.3,Credit,25413.82
1679,98,11-02-2024,Doctor visit or medication,Healthcare,-351.18,Debit,25062.64
1680,753,25-09-2023,Monthly rent payment,Rent,-495.09,Debit,24567.55
1681,500,07-06-2024,Restaurant bill,Dining Out,-217.32,Debit,24350.23
1682,4,08-07-2024,Uber ride or fuel,Transport,-422.66,Debit,23927.57
1683,926,29-03-2024,Movie or concert ticket,Entertainment,85.02,Credit,24012.59
1684,349,16-04-2024,Transferred to savings account,Savings,-197.08,Debit,23815.51
1685,183,06-03-2024,Monthly rent payment,Rent,108.8,Credit,23924.31
1686,51,26-02-2024,Transferred to savings account,Savings,-489.32,Debit,23434.99
1687,529,08-02-2024,Utility bill payment,Utilities,-298.09,Debit,23136.9
1688,191,05-05-2024,Uber ride or fuel,Transport,-208.26,Debit,22928.64
1689,97,07-05-2024,Utility bill payment,Utilities,-151.47,Debit,22777.17
1690,248,19-09-2023,Grocery shopping,Groceries,-11.49,Debit,22765.68
1691,63,25-01-2024,Grocery shopping,Groceries,280.14,Credit,23045.82
1692,163,31-08-2023,Uber ride or fuel,Transport,-182.02,Debit,22863.8
1693,747,09-03-2024,Doctor visit or medication,Healthcare,259.12,Credit,23122.92
1694,756,17-05-2024,Monthly rent payment,Rent,444.38,Credit,23567.3
1695,760,04-02-2024,Uber ride or fuel,Transport,-319.39,Debit,23247.91
1696,175,10-11-2023,Monthly rent payment,Rent,-403.31,Debit,22844.6
1697,335,07-06-2024,Utility bill payment,Utilities,-415.16,Debit,22429.44
1698,1,15-04-2024,Monthly rent payment,Rent,-253.04,Debit,22176.4
1699,515,16-04-2024,Restaurant bill,Dining Out,-339.53,Debit,21836.87
1700,491,22-03-2024,Grocery shopping,Groceries,-396.78,Debit,21440.09
1701,457,01-01-2024,Doctor visit or medication,Healthcare,478.49,Credit,21918.58
1702,24,06-11-2023,Movie or concert ticket,Entertainment,340.91,Credit,22259.49
1703,330,24-05-2024,Monthly rent payment,Rent,-496.16,Debit,21763.33
1704,496,13-01-2024,Transferred to savings account,Savings,458.47,Credit,22221.8
1705,284,05-01-2024,Utility bill payment,Utilities,44.5,Credit,22266.3
1706,509,13-09-2023,Restaurant bill,Dining Out,350.09,Credit,22616.39
1707,364,07-04-2024,Restaurant bill,Dining Out,-209.14,Debit,22407.25
1708,10,28-11-2023,Utility bill payment,Utilities,-293.95,Debit,22113.3
1709,694,02-03-2024,Transferred to savings account,Savings,54.77,Credit,22168.07
1710,227,27-11-2023,Doctor visit or medication,Healthcare,-245.62,Debit,21922.45
1711,229,25-11-2023,Uber ride or fuel,Transport,497.19,Credit,22419.64
1712,377,01-07-2024,Utility bill payment,Utilities,438.92,Credit,22858.56
1713,184,20-05-2024,Uber ride or fuel,Transport,-483.94,Debit,22374.62
1714,794,01-06-2024,Monthly rent payment,Rent,219.28,Credit,22593.9
1715,227,12-03-2024,Doctor visit or medication,Healthcare,476.39,Credit,23070.29
1716,533,30-03-2024,Transferred to savings account,Savings,118.07,Credit,23188.36
1717,161,15-02-2024,Restaurant bill,Dining Out,-90.99,Debit,23097.37
1718,746,24-07-2024,Monthly rent payment,Rent,286.87,Credit,23384.24
1719,500,03-06-2024,Monthly rent payment,Rent,-348.02,Debit,23036.22
1720,340,23-12-2023,Grocery shopping,Groceries,-176.89,Debit,22859.33
1721,186,13-07-2024,Utility bill payment,Utilities,390,Credit,23249.33
1722,491,21-07-2024,Restaurant bill,Dining Out,-459.26,Debit,22790.07
1723,870,25-11-2023,Monthly rent payment,Rent,-478.5,Debit,22311.57
1724,418,09-07-2024,Restaurant bill,Dining Out,-479.93,Debit,21831.64
1725,517,10-10-2023,Doctor visit or medication,Healthcare,406.36,Credit,22238
1726,410,19-08-2023,Grocery shopping,Groceries,6.98,Credit,22244.98
1727,698,21-06-2024,Uber ride or fuel,Transport,-428.31,Debit,21816.67
1728,150,06-10-2023,Grocery shopping,Groceries,-102.32,Debit,21714.35
1729,592,17-12-2023,Movie or concert ticket,Entertainment,-265.33,Debit,21449.02
1730,321,15-07-2024,Transferred to savings account,Savings,-382.9,Debit,21066.12
1731,893,01-07-2024,Uber ride or fuel,Transport,-61.04,Debit,21005.08
1732,316,30-04-2024,Monthly rent payment,Rent,299.89,Credit,21304.97
1733,306,08-10-2023,Movie or concert ticket,Entertainment,-80.51,Debit,21224.46
1734,837,25-01-2024,Restaurant bill,Dining Out,380.03,Credit,21604.49
1735,616,04-03-2024,Movie or concert ticket,Entertainment,-119.81,Debit,21484.68
1736,397,04-09-2023,Restaurant bill,Dining Out,-436.11,Debit,21048.57
1737,816,11-09-2023,Restaurant bill,Dining Out,-65.26,Debit,20983.31
1738,13,11-03-2024,Transferred to savings account,Savings,-95.74,Debit,20887.57
1739,589,06-09-2023,Uber ride or fuel,Transport,482.51,Credit,21370.08
1740,35,24-11-2023,Uber ride or fuel,Transport,-6.99,Debit,21363.09
1741,210,17-03-2024,Monthly rent payment,Rent,-356.41,Debit,21006.68
1742,231,28-08-2023,Uber ride or fuel,Transport,497.39,Credit,21504.07
1743,586,30-07-2024,Transferred to savings account,Savings,-386.52,Debit,21117.55
1744,609,31-01-2024,Grocery shopping,Groceries,-117.2,Debit,21000.35
1745,620,01-07-2024,Movie or concert ticket,Entertainment,-213.07,Debit,20787.28
1746,269,16-12-2023,Monthly rent payment,Rent,329.85,Credit,21117.13
1747,394,14-09-2023,Movie or concert ticket,Entertainment,-425.88,Debit,20691.25
1748,696,13-12-2023,Restaurant bill,Dining Out,-208.27,Debit,20482.98
1749,576,11-10-2023,Uber ride or fuel,Transport,-386.36,Debit,20096.62
1750,31,01-01-2024,Movie or concert ticket,Entertainment,328.04,Credit,20424.66
1751,295,31-01-2024,Restaurant bill,Dining Out,-52.13,Debit,20372.53
1752,315,16-08-2023,Grocery shopping,Groceries,-338.81,Debit,20033.72
1753,447,20-12-2023,Doctor visit or medication,Healthcare,-75.35,Debit,19958.37
1754,6,05-09-2023,Movie or concert ticket,Entertainment,284.1,Credit,20242.47
1755,108,24-01-2024,Movie or concert ticket,Entertainment,485.15,Credit,20727.62
1756,604,15-08-2023,Utility bill payment,Utilities,350.12,Credit,21077.74
1757,905,07-06-2024,Uber ride or fuel,Transport,-466.19,Debit,20611.55
1758,297,27-07-2024,Restaurant bill,Dining Out,15.27,Credit,20626.82
1759,643,05-12-2023,Doctor visit or medication,Healthcare,-42.25,Debit,20584.57
1760,304,20-06-2024,Transferred to savings account,Savings,-257.85,Debit,20326.72
1761,23,08-06-2024,Uber ride or fuel,Transport,183.14,Credit,20509.86
1762,842,13-06-2024,Restaurant bill,Dining Out,357.78,Credit,20867.64
1763,529,02-08-2024,Grocery shopping,Groceries,397.71,Credit,21265.35
1764,331,23-10-2023,Utility bill payment,Utilities,292,Credit,21557.35
1765,778,22-07-2024,Restaurant bill,Dining Out,427.89,Credit,21985.24
1766,690,03-12-2023,Restaurant bill,Dining Out,-411.84,Debit,21573.4
1767,610,17-06-2024,Transferred to savings account,Savings,-495.2,Debit,21078.2
1768,71,07-02-2024,Utility bill payment,Utilities,-113.19,Debit,20965.01
1769,101,31-08-2023,Movie or concert ticket,Entertainment,-460.37,Debit,20504.64
1770,264,23-12-2023,Uber ride or fuel,Transport,-366.11,Debit,20138.53
1771,403,09-08-2024,Grocery shopping,Groceries,72.18,Credit,20210.71
1772,535,08-07-2024,Grocery shopping,Groceries,-318.07,Debit,19892.64
1773,472,08-10-2023,Utility bill payment,Utilities,-275.49,Debit,19617.15
1774,603,09-08-2024,Transferred to savings account,Savings,190.48,Credit,19807.63
1775,611,01-10-2023,Doctor visit or medication,Healthcare,-368.71,Debit,19438.92
1776,73,13-12-2023,Grocery shopping,Groceries,254.08,Credit,19693
1777,644,26-02-2024,Uber ride or fuel,Transport,-93.39,Debit,19599.61
1778,196,19-07-2024,Grocery shopping,Groceries,-166.18,Debit,19433.43
1779,352,30-10-2023,Grocery shopping,Groceries,-121.68,Debit,19311.75
1780,738,04-05-2024,Transferred to savings account,Savings,-423.25,Debit,18888.5
1781,810,08-11-2023,Utility bill payment,Utilities,194.01,Credit,19082.51
1782,233,13-04-2024,Grocery shopping,Groceries,-390.03,Debit,18692.48
1783,630,09-08-2024,Utility bill payment,Utilities,316.3,Credit,19008.78
1784,17,10-08-2024,Transferred to savings account,Savings,301.39,Credit,19310.17
1785,840,10-01-2024,Utility bill payment,Utilities,-285.01,Debit,19025.16
1786,378,22-04-2024,Restaurant bill,Dining Out,368.55,Credit,19393.71
1787,887,20-07-2024,Doctor visit or medication,Healthcare,218.35,Credit,19612.06
1788,130,18-05-2024,Doctor visit or medication,Healthcare,-188.53,Debit,19423.53
1789,255,26-08-2023,Transferred to savings account,Savings,50.54,Credit,19474.07
1790,836,08-10-2023,Grocery shopping,Groceries,316.48,Credit,19790.55
1791,126,31-05-2024,Monthly rent payment,Rent,192.83,Credit,19983.38
1792,71,21-05-2024,Grocery shopping,Groceries,373.78,Credit,20357.16
1793,470,08-01-2024,Movie or concert ticket,Entertainment,-141.38,Debit,20215.78
1794,547,13-04-2024,Utility bill payment,Utilities,357.18,Credit,20572.96
1795,223,15-05-2024,Uber ride or fuel,Transport,-347.32,Debit,20225.64
1796,289,27-04-2024,Transferred to savings account,Savings,244.54,Credit,20470.18
1797,154,06-11-2023,Movie or concert ticket,Entertainment,-235.85,Debit,20234.33
1798,254,08-08-2024,Transferred to savings account,Savings,327.63,Credit,20561.96
1799,623,26-05-2024,Uber ride or fuel,Transport,380.76,Credit,20942.72
1800,839,21-11-2023,Restaurant bill,Dining Out,38.47,Credit,20981.19
1801,389,01-01-2024,Transferred to savings account,Savings,325.54,Credit,21306.73
1802,321,22-02-2024,Grocery shopping,Groceries,-492.92,Debit,20813.81
1803,763,21-06-2024,Uber ride or fuel,Transport,-411.68,Debit,20402.13
1804,6,09-10-2023,Movie or concert ticket,Entertainment,-415.17,Debit,19986.96
1805,55,27-12-2023,Movie or concert ticket,Entertainment,-392.1,Debit,19594.86
1806,382,13-08-2023,Movie or concert ticket,Entertainment,-476.18,Debit,19118.68
1807,824,18-12-2023,Restaurant bill,Dining Out,377.43,Credit,19496.11
1808,262,23-07-2024,Movie or concert ticket,Entertainment,474,Credit,19970.11
1809,167,02-10-2023,Doctor visit or medication,Healthcare,6.76,Credit,19976.87
1810,568,15-11-2023,Transferred to savings account,Savings,-191.96,Debit,19784.91
1811,758,08-01-2024,Transferred to savings account,Savings,-301.45,Debit,19483.46
1812,95,07-12-2023,Monthly rent payment,Rent,-151.65,Debit,19331.81
1813,654,01-06-2024,Monthly rent payment,Rent,40.94,Credit,19372.75
1814,87,05-04-2024,Grocery shopping,Groceries,-258.71,Debit,19114.04
1815,71,04-08-2024,Restaurant bill,Dining Out,-41.93,Debit,19072.11
1816,922,23-08-2023,Uber ride or fuel,Transport,-456.53,Debit,18615.58
1817,813,01-07-2024,Movie or concert ticket,Entertainment,-118.62,Debit,18496.96
1818,24,15-05-2024,Monthly rent payment,Rent,452.68,Credit,18949.64
1819,341,07-05-2024,Movie or concert ticket,Entertainment,-462.87,Debit,18486.77
1820,178,18-12-2023,Movie or concert ticket,Entertainment,-324.65,Debit,18162.12
1821,765,23-02-2024,Restaurant bill,Dining Out,102.43,Credit,18264.55
1822,885,18-03-2024,Restaurant bill,Dining Out,262.94,Credit,18527.49
1823,729,30-03-2024,Uber ride or fuel,Transport,485.67,Credit,19013.16
1824,385,29-06-2024,Uber ride or fuel,Transport,158.65,Credit,19171.81
1825,328,10-10-2023,Uber ride or fuel,Transport,475.83,Credit,19647.64
1826,284,15-01-2024,Uber ride or fuel,Transport,-116.2,Debit,19531.44
1827,990,17-10-2023,Monthly rent payment,Rent,-430.45,Debit,19100.99
1828,386,01-12-2023,Restaurant bill,Dining Out,220.25,Credit,19321.24
1829,873,14-02-2024,Grocery shopping,Groceries,-29.27,Debit,19291.97
1830,594,03-01-2024,Restaurant bill,Dining Out,284.92,Credit,19576.89
1831,346,26-04-2024,Monthly rent payment,Rent,274.2,Credit,19851.09
1832,249,07-01-2024,Transferred to savings account,Savings,338.74,Credit,20189.83
1833,34,20-04-2024,Restaurant bill,Dining Out,-87.55,Debit,20102.28
1834,138,13-12-2023,Transferred to savings account,Savings,-486.21,Debit,19616.07
1835,80,29-05-2024,Movie or concert ticket,Entertainment,476.25,Credit,20092.32
1836,802,12-05-2024,Doctor visit or medication,Healthcare,-166.28,Debit,19926.04
1837,677,01-01-2024,Transferred to savings account,Savings,-60.08,Debit,19865.96
1838,787,15-02-2024,Restaurant bill,Dining Out,489.39,Credit,20355.35
1839,586,30-09-2023,Transferred to savings account,Savings,449.89,Credit,20805.24
1840,240,09-09-2023,Movie or concert ticket,Entertainment,-89.45,Debit,20715.79
1841,995,13-03-2024,Grocery shopping,Groceries,159.04,Credit,20874.83
1842,320,15-05-2024,Utility bill payment,Utilities,329.1,Credit,21203.93
1843,247,17-03-2024,Movie or concert ticket,Entertainment,74.39,Credit,21278.32
1844,258,28-11-2023,Doctor visit or medication,Healthcare,479.69,Credit,21758.01
1845,738,29-12-2023,Grocery shopping,Groceries,-244.07,Debit,21513.94
1846,350,25-03-2024,Uber ride or fuel,Transport,-458.71,Debit,21055.23
1847,752,08-04-2024,Doctor visit or medication,Healthcare,-151.13,Debit,20904.1
1848,709,10-06-2024,Doctor visit or medication,Healthcare,285.94,Credit,21190.04
1849,81,31-07-2024,Transferred to savings account,Savings,-41.05,Debit,21148.99
1850,430,18-05-2024,Monthly rent payment,Rent,474.87,Credit,21623.86
1851,486,21-10-2023,Utility bill payment,Utilities,-301.47,Debit,21322.39
1852,882,16-01-2024,Restaurant bill,Dining Out,253.68,Credit,21576.07
1853,618,30-07-2024,Transferred to savings account,Savings,26.29,Credit,21602.36
1854,591,18-01-2024,Monthly rent payment,Rent,74.97,Credit,21677.33
1855,583,01-09-2023,Transferred to savings account,Savings,-261.51,Debit,21415.82
1856,445,01-06-2024,Restaurant bill,Dining Out,359.38,Credit,21775.2
1857,547,13-12-2023,Uber ride or fuel,Transport,-76.18,Debit,21699.02
1858,110,24-02-2024,Doctor visit or medication,Healthcare,-421.69,Debit,21277.33
1859,974,17-01-2024,Movie or concert ticket,Entertainment,497.43,Credit,21774.76
1860,493,07-04-2024,Doctor visit or medication,Healthcare,451.19,Credit,22225.95
1861,577,13-01-2024,Grocery shopping,Groceries,41.06,Credit,22267.01
1862,206,05-04-2024,Grocery shopping,Groceries,181.21,Credit,22448.22
1863,715,09-11-2023,Monthly rent payment,Rent,466.55,Credit,22914.77
1864,438,21-04-2024,Movie or concert ticket,Entertainment,-133.14,Debit,22781.63
1865,194,22-11-2023,Doctor visit or medication,Healthcare,-436.53,Debit,22345.1
1866,472,05-11-2023,Utility bill payment,Utilities,-334.25,Debit,22010.85
1867,351,12-08-2024,Uber ride or fuel,Transport,143.87,Credit,22154.72
1868,915,14-12-2023,Monthly rent payment,Rent,-100.65,Debit,22054.07
1869,195,31-10-2023,Grocery shopping,Groceries,-156.06,Debit,21898.01
1870,566,06-11-2023,Uber ride or fuel,Transport,-354.63,Debit,21543.38
1871,390,05-02-2024,Uber ride or fuel,Transport,109.9,Credit,21653.28
1872,335,09-09-2023,Doctor visit or medication,Healthcare,-80.04,Debit,21573.24
1873,70,28-01-2024,Movie or concert ticket,Entertainment,273.84,Credit,21847.08
1874,467,26-11-2023,Grocery shopping,Groceries,-191.44,Debit,21655.64
1875,677,28-11-2023,Monthly rent payment,Rent,457.21,Credit,22112.85
1876,72,09-09-2023,Doctor visit or medication,Healthcare,182.37,Credit,22295.22
1877,406,11-12-2023,Grocery shopping,Groceries,333.27,Credit,22628.49
1878,828,07-01-2024,Utility bill payment,Utilities,360.83,Credit,22989.32
1879,272,08-07-2024,Grocery shopping,Groceries,-188.08,Debit,22801.24
1880,333,24-12-2023,Uber ride or fuel,Transport,156.18,Credit,22957.42
1881,155,31-12-2023,Transferred to savings account,Savings,-215.98,Debit,22741.44
1882,864,30-07-2024,Monthly rent payment,Rent,72.8,Credit,22814.24
1883,399,12-10-2023,Transferred to savings account,Savings,225.23,Credit,23039.47
1884,603,14-12-2023,Uber ride or fuel,Transport,-92.17,Debit,22947.3
1885,462,24-10-2023,Doctor visit or medication,Healthcare,154.59,Credit,23101.89
1886,630,10-12-2023,Utility bill payment,Utilities,-257.38,Debit,22844.51
1887,963,06-01-2024,Monthly rent payment,Rent,390.84,Credit,23235.35
1888,927,24-09-2023,Movie or concert ticket,Entertainment,-429.5,Debit,22805.85
1889,151,28-01-2024,Monthly rent payment,Rent,196.19,Credit,23002.04
1890,39,07-05-2024,Monthly rent payment,Rent,-423.77,Debit,22578.27
1891,489,09-11-2023,Grocery shopping,Groceries,258.88,Credit,22837.15
1892,730,22-06-2024,Transferred to savings account,Savings,190.83,Credit,23027.98
1893,106,17-07-2024,Grocery shopping,Groceries,-36.72,Debit,22991.26
1894,769,16-06-2024,Uber ride or fuel,Transport,95.51,Credit,23086.77
1895,509,14-02-2024,Movie or concert ticket,Entertainment,-199.22,Debit,22887.55
1896,607,15-01-2024,Transferred to savings account,Savings,-263.42,Debit,22624.13
1897,629,07-04-2024,Uber ride or fuel,Transport,83.16,Credit,22707.29
1898,711,05-04-2024,Transferred to savings account,Savings,52.32,Credit,22759.61
1899,173,10-12-2023,Monthly rent payment,Rent,84.08,Credit,22843.69
1900,36,15-03-2024,Utility bill payment,Utilities,-247.52,Debit,22596.17
1901,360,17-10-2023,Transferred to savings account,Savings,-319.29,Debit,22276.88
1902,539,22-10-2023,Monthly rent payment,Rent,159.87,Credit,22436.75
1903,93,16-09-2023,Utility bill payment,Utilities,-127.32,Debit,22309.43
1904,736,26-12-2023,Utility bill payment,Utilities,-106.05,Debit,22203.38
1905,452,08-04-2024,Grocery shopping,Groceries,305.43,Credit,22508.81
1906,29,14-12-2023,Doctor visit or medication,Healthcare,288.86,Credit,22797.67
1907,850,28-02-2024,Grocery shopping,Groceries,400.89,Credit,23198.56
1908,194,11-04-2024,Grocery shopping,Groceries,-55.83,Debit,23142.73
1909,983,26-06-2024,Restaurant bill,Dining Out,-379.97,Debit,22762.76
1910,557,16-08-2023,Movie or concert ticket,Entertainment,373.32,Credit,23136.08
1911,976,25-07-2024,Doctor visit or medication,Healthcare,-264.36,Debit,22871.72
1912,721,13-11-2023,Monthly rent payment,Rent,417.46,Credit,23289.18
1913,572,24-12-2023,Utility bill payment,Utilities,-214.57,Debit,23074.61
1914,694,16-12-2023,Utility bill payment,Utilities,-351.33,Debit,22723.28
1915,431,26-08-2023,Doctor visit or medication,Healthcare,-284.9,Debit,22438.38
1916,58,22-07-2024,Monthly rent payment,Rent,312.86,Credit,22751.24
1917,167,27-12-2023,Doctor visit or medication,Healthcare,347.79,Credit,23099.03
1918,708,30-12-2023,Utility bill payment,Utilities,408.23,Credit,23507.26
1919,535,25-09-2023,Utility bill payment,Utilities,411.65,Credit,23918.91
1920,29,22-05-2024,Monthly rent payment,Rent,219.9,Credit,24138.81
1921,11,30-05-2024,Uber ride or fuel,Transport,472.03,Credit,24610.84
1922,958,31-03-2024,Movie or concert ticket,Entertainment,-308.37,Debit,24302.47
1923,432,22-11-2023,Monthly rent payment,Rent,-127.05,Debit,24175.42
1924,952,01-12-2023,Utility bill payment,Utilities,-242.81,Debit,23932.61
1925,543,05-04-2024,Doctor visit or medication,Healthcare,252.31,Credit,24184.92
1926,718,23-01-2024,Transferred to savings account,Savings,210.5,Credit,24395.42
1927,337,14-04-2024,Monthly rent payment,Rent,-441.34,Debit,23954.08
1928,171,19-11-2023,Utility bill payment,Utilities,414.84,Credit,24368.92
1929,360,25-07-2024,Movie or concert ticket,Entertainment,480.32,Credit,24849.24
1930,771,31-12-2023,Restaurant bill,Dining Out,491.34,Credit,25340.58
1931,166,17-04-2024,Restaurant bill,Dining Out,438.76,Credit,25779.34
1932,148,15-06-2024,Grocery shopping,Groceries,122.67,Credit,25902.01
1933,226,27-07-2024,Doctor visit or medication,Healthcare,-148.98,Debit,25753.03
1934,883,13-03-2024,Uber ride or fuel,Transport,-324.88,Debit,25428.15
1935,353,21-04-2024,Restaurant bill,Dining Out,-476.04,Debit,24952.11
1936,822,11-06-2024,Transferred to savings account,Savings,438.44,Credit,25390.55
1937,909,02-10-2023,Uber ride or fuel,Transport,-268.64,Debit,25121.91
1938,832,13-09-2023,Utility bill payment,Utilities,-441.66,Debit,24680.25
1939,261,14-09-2023,Utility bill payment,Utilities,-438.7,Debit,24241.55
1940,791,23-06-2024,Restaurant bill,Dining Out,-47.23,Debit,24194.32
1941,647,14-11-2023,Uber ride or fuel,Transport,-428.1,Debit,23766.22
1942,678,02-09-2023,Restaurant bill,Dining Out,-100.72,Debit,23665.5
1943,175,08-01-2024,Restaurant bill,Dining Out,219.52,Credit,23885.02
1944,252,12-03-2024,Transferred to savings account,Savings,157.19,Credit,24042.21
1945,589,21-04-2024,Restaurant bill,Dining Out,-499.66,Debit,23542.55
1946,959,16-06-2024,Monthly rent payment,Rent,-32.57,Debit,23509.98
1947,994,08-10-2023,Transferred to savings account,Savings,238.05,Credit,23748.03
1948,385,07-06-2024,Movie or concert ticket,Entertainment,444.51,Credit,24192.54
1949,622,08-01-2024,Restaurant bill,Dining Out,-139.63,Debit,24052.91
1950,654,10-03-2024,Uber ride or fuel,Transport,-320.49,Debit,23732.42
1951,30,30-12-2023,Uber ride or fuel,Transport,-242.04,Debit,23490.38
1952,691,13-10-2023,Grocery shopping,Groceries,-262.34,Debit,23228.04
1953,691,26-08-2023,Movie or concert ticket,Entertainment,12.58,Credit,23240.62
1954,462,10-01-2024,Movie or concert ticket,Entertainment,171.93,Credit,23412.55
1955,695,30-09-2023,Movie or concert ticket,Entertainment,207.36,Credit,23619.91
1956,654,01-06-2024,Movie or concert ticket,Entertainment,235.92,Credit,23855.83
1957,959,08-09-2023,Doctor visit or medication,Healthcare,138.4,Credit,23994.23
1958,706,25-11-2023,Monthly rent payment,Rent,302.24,Credit,24296.47
1959,142,11-01-2024,Doctor visit or medication,Healthcare,-137.26,Debit,24159.21
1960,748,19-07-2024,Transferred to savings account,Savings,-438.81,Debit,23720.4
1961,544,27-02-2024,Movie or concert ticket,Entertainment,378.38,Credit,24098.78
1962,415,15-12-2023,Doctor visit or medication,Healthcare,-342.84,Debit,23755.94
1963,78,04-06-2024,Doctor visit or medication,Healthcare,-361.9,Debit,23394.04
1964,376,29-08-2023,Transferred to savings account,Savings,-171.63,Debit,23222.41
1965,958,30-07-2024,Uber ride or fuel,Transport,-469.72,Debit,22752.69
1966,222,07-04-2024,Doctor visit or medication,Healthcare,174.51,Credit,22927.2
1967,430,09-12-2023,Restaurant bill,Dining Out,363.92,Credit,23291.12
1968,382,16-08-2023,Utility bill payment,Utilities,471.6,Credit,23762.72
1969,988,02-05-2024,Transferred to savings account,Savings,-467.11,Debit,23295.61
1970,851,08-11-2023,Restaurant bill,Dining Out,279.67,Credit,23575.28
1971,226,09-11-2023,Movie or concert ticket,Entertainment,33.53,Credit,23608.81
1972,599,19-12-2023,Grocery shopping,Groceries,-10.13,Debit,23598.68
1973,492,28-08-2023,Movie or concert ticket,Entertainment,-250.6,Debit,23348.08
1974,987,24-10-2023,Transferred to savings account,Savings,-264.73,Debit,23083.35
1975,835,25-11-2023,Monthly rent payment,Rent,185.94,Credit,23269.29
1976,232,10-02-2024,Doctor visit or medication,Healthcare,-146.64,Debit,23122.65
1977,786,19-07-2024,Movie or concert ticket,Entertainment,303.12,Credit,23425.77
1978,286,25-06-2024,Restaurant bill,Dining Out,-249.64,Debit,23176.13
1979,529,04-07-2024,Transferred to savings account,Savings,-163.94,Debit,23012.19
1980,276,23-07-2024,Doctor visit or medication,Healthcare,-116.39,Debit,22895.8
1981,443,03-07-2024,Grocery shopping,Groceries,100.43,Credit,22996.23
1982,460,03-06-2024,Movie or concert ticket,Entertainment,103.85,Credit,23100.08
1983,404,12-04-2024,Grocery shopping,Groceries,461.98,Credit,23562.06
1984,620,27-03-2024,Restaurant bill,Dining Out,354.97,Credit,23917.03
1985,893,11-10-2023,Uber ride or fuel,Transport,358.15,Credit,24275.18
1986,578,15-05-2024,Movie or concert ticket,Entertainment,20.18,Credit,24295.36
1987,952,30-03-2024,Restaurant bill,Dining Out,252.59,Credit,24547.95
1988,319,03-07-2024,Doctor visit or medication,Healthcare,381.2,Credit,24929.15
1989,126,25-04-2024,Doctor visit or medication,Healthcare,416.52,Credit,25345.67
1990,890,18-06-2024,Doctor visit or medication,Healthcare,178.72,Credit,25524.39
1991,253,26-08-2023,Movie or concert ticket,Entertainment,408.86,Credit,25933.25
1992,576,08-11-2023,Movie or concert ticket,Entertainment,-80.58,Debit,25852.67
1993,877,07-06-2024,Transferred to savings account,Savings,395.26,Credit,26247.93
1994,916,30-12-2023,Transferred to savings account,Savings,133.5,Credit,26381.43
1995,630,21-06-2024,Grocery shopping,Groceries,370.12,Credit,26751.55
1996,914,25-10-2023,Transferred to savings account,Savings,-86.94,Debit,26664.61
1997,767,25-04-2024,Restaurant bill,Dining Out,488.02,Credit,27152.63
1998,514,17-09-2023,Grocery shopping,Groceries,286.65,Credit,27439.28
1999,27,26-01-2024,Transferred to savings account,Savings,-81.2,Debit,27358.08
2000,548,28-12-2023,Doctor visit or medication,Healthcare,-18.86,Debit,27339.22
2001,884,16-03-2024,Restaurant bill,Dining Out,-21.81,Debit,27317.41
2002,841,06-11-2023,Uber ride or fuel,Transport,-230.36,Debit,27087.05
2003,161,05-04-2024,Restaurant bill,Dining Out,-412,Debit,26675.05
2004,969,20-03-2024,Transferred to savings account,Savings,-72.11,Debit,26602.94
2005,998,25-06-2024,Uber ride or fuel,Transport,-184.62,Debit,26418.32
2006,226,01-01-2024,Doctor visit or medication,Healthcare,188.72,Credit,26607.04
2007,822,01-09-2023,Restaurant bill,Dining Out,-122.37,Debit,26484.67
2008,519,19-01-2024,Monthly rent payment,Rent,-60.21,Debit,26424.46
2009,643,03-10-2023,Transferred to savings account,Savings,69.73,Credit,26494.19
2010,274,18-04-2024,Restaurant bill,Dining Out,-310.17,Debit,26184.02
2011,383,14-02-2024,Grocery shopping,Groceries,215.25,Credit,26399.27
2012,522,29-05-2024,Transferred to savings account,Savings,-321.92,Debit,26077.35
2013,573,15-07-2024,Utility bill payment,Utilities,17.29,Credit,26094.64
2014,163,08-06-2024,Uber ride or fuel,Transport,-415.08,Debit,25679.56
2015,944,19-09-2023,Grocery shopping,Groceries,407.63,Credit,26087.19
2016,306,29-03-2024,Doctor visit or medication,Healthcare,-331.22,Debit,25755.97
2017,548,04-02-2024,Restaurant bill,Dining Out,-327.98,Debit,25427.99
2018,614,23-01-2024,Movie or concert ticket,Entertainment,-29.71,Debit,25398.28
2019,295,11-08-2024,Transferred to savings account,Savings,-386.63,Debit,25011.65
2020,235,18-10-2023,Monthly rent payment,Rent,-270.99,Debit,24740.66
2021,638,21-08-2023,Utility bill payment,Utilities,-87.46,Debit,24653.2
2022,754,20-11-2023,Uber ride or fuel,Transport,25.07,Credit,24678.27
2023,914,11-11-2023,Transferred to savings account,Savings,238.36,Credit,24916.63
2024,969,13-02-2024,Grocery shopping,Groceries,-474.07,Debit,24442.56
2025,71,17-08-2023,Restaurant bill,Dining Out,449.89,Credit,24892.45
2026,117,14-08-2023,Uber ride or fuel,Transport,317.53,Credit,25209.98
2027,64,01-09-2023,Grocery shopping,Groceries,273.83,Credit,25483.81
2028,668,11-11-2023,Monthly rent payment,Rent,-190.19,Debit,25293.62
2029,391,05-07-2024,Uber ride or fuel,Transport,-493.66,Debit,24799.96
2030,655,26-01-2024,Restaurant bill,Dining Out,-375.24,Debit,24424.72
2031,948,10-02-2024,Grocery shopping,Groceries,311.73,Credit,24736.45
2032,346,24-09-2023,Uber ride or fuel,Transport,-156.21,Debit,24580.24
2033,103,14-04-2024,Restaurant bill,Dining Out,-65.77,Debit,24514.47
2034,512,30-04-2024,Doctor visit or medication,Healthcare,178.4,Credit,24692.87
2035,751,26-04-2024,Doctor visit or medication,Healthcare,-393.93,Debit,24298.94
2036,988,19-09-2023,Utility bill payment,Utilities,116.01,Credit,24414.95
2037,413,03-07-2024,Uber ride or fuel,Transport,-302.89,Debit,24112.06
2038,76,17-06-2024,Doctor visit or medication,Healthcare,490.94,Credit,24603
2039,481,05-03-2024,Doctor visit or medication,Healthcare,97.86,Credit,24700.86
2040,817,07-12-2023,Utility bill payment,Utilities,315.19,Credit,25016.05
2041,488,17-05-2024,Utility bill payment,Utilities,276.29,Credit,25292.34
2042,702,23-10-2023,Transferred to savings account,Savings,248.14,Credit,25540.48
2043,357,15-11-2023,Monthly rent payment,Rent,-139.67,Debit,25400.81
2044,625,04-05-2024,Monthly rent payment,Rent,277.71,Credit,25678.52
2045,285,28-01-2024,Utility bill payment,Utilities,-415.05,Debit,25263.47
2046,394,30-10-2023,Movie or concert ticket,Entertainment,259.07,Credit,25522.54
2047,392,07-01-2024,Restaurant bill,Dining Out,108.7,Credit,25631.24
2048,564,21-01-2024,Restaurant bill,Dining Out,457.32,Credit,26088.56
2049,643,20-06-2024,Monthly rent payment,Rent,217.76,Credit,26306.32
2050,373,06-08-2024,Monthly rent payment,Rent,49.87,Credit,26356.19
2051,225,16-04-2024,Transferred to savings account,Savings,332.13,Credit,26688.32
2052,104,25-05-2024,Monthly rent payment,Rent,279.98,Credit,26968.3
2053,691,03-10-2023,Transferred to savings account,Savings,-21.66,Debit,26946.64
2054,181,02-01-2024,Grocery shopping,Groceries,319.29,Credit,27265.93
2055,782,22-05-2024,Uber ride or fuel,Transport,412.85,Credit,27678.78
2056,138,09-08-2024,Restaurant bill,Dining Out,181.97,Credit,27860.75
2057,218,07-05-2024,Utility bill payment,Utilities,-443.53,Debit,27417.22
2058,271,19-05-2024,Uber ride or fuel,Transport,-240.27,Debit,27176.95
2059,826,07-07-2024,Uber ride or fuel,Transport,-112.7,Debit,27064.25
2060,136,19-01-2024,Transferred to savings account,Savings,-427.22,Debit,26637.03
2061,144,28-12-2023,Transferred to savings account,Savings,120.89,Credit,26757.92
2062,874,18-04-2024,Uber ride or fuel,Transport,271.56,Credit,27029.48
2063,160,14-03-2024,Restaurant bill,Dining Out,33.21,Credit,27062.69
2064,110,12-03-2024,Uber ride or fuel,Transport,315.85,Credit,27378.54
2065,219,10-10-2023,Utility bill payment,Utilities,-387.61,Debit,26990.93
2066,919,20-12-2023,Movie or concert ticket,Entertainment,-140,Debit,26850.93
2067,909,19-08-2023,Uber ride or fuel,Transport,85.33,Credit,26936.26
2068,859,17-02-2024,Restaurant bill,Dining Out,305.57,Credit,27241.83
2069,798,30-09-2023,Grocery shopping,Groceries,-487.83,Debit,26754
2070,789,26-09-2023,Movie or concert ticket,Entertainment,-391.51,Debit,26362.49
2071,849,18-07-2024,Utility bill payment,Utilities,-61.35,Debit,26301.14
2072,69,14-11-2023,Transferred to savings account,Savings,452.01,Credit,26753.15
2073,618,08-04-2024,Monthly rent payment,Rent,-250.16,Debit,26502.99
2074,357,21-04-2024,Grocery shopping,Groceries,94.85,Credit,26597.84
2075,502,27-05-2024,Restaurant bill,Dining Out,-387.29,Debit,26210.55
2076,522,14-01-2024,Monthly rent payment,Rent,483.49,Credit,26694.04
2077,214,05-06-2024,Doctor visit or medication,Healthcare,257.79,Credit,26951.83
2078,815,26-07-2024,Utility bill payment,Utilities,-333.8,Debit,26618.03
2079,868,24-05-2024,Monthly rent payment,Rent,357.06,Credit,26975.09
2080,373,03-07-2024,Transferred to savings account,Savings,204.81,Credit,27179.9
2081,430,21-10-2023,Doctor visit or medication,Healthcare,365.16,Credit,27545.06
2082,709,10-02-2024,Movie or concert ticket,Entertainment,208.44,Credit,27753.5
2083,533,26-10-2023,Movie or concert ticket,Entertainment,268.9,Credit,28022.4
2084,399,19-08-2023,Movie or concert ticket,Entertainment,-274.32,Debit,27748.08
2085,988,18-05-2024,Restaurant bill,Dining Out,378.96,Credit,28127.04
2086,931,30-06-2024,Uber ride or fuel,Transport,-99.59,Debit,28027.45
2087,587,06-02-2024,Grocery shopping,Groceries,413.99,Credit,28441.44
2088,532,05-03-2024,Restaurant bill,Dining Out,492.15,Credit,28933.59
2089,177,30-11-2023,Monthly rent payment,Rent,161.88,Credit,29095.47
2090,911,26-09-2023,Utility bill payment,Utilities,335.71,Credit,29431.18
2091,407,05-06-2024,Doctor visit or medication,Healthcare,-236.96,Debit,29194.22
2092,258,29-02-2024,Utility bill payment,Utilities,85.45,Credit,29279.67
2093,108,01-07-2024,Utility bill payment,Utilities,-40.05,Debit,29239.62
2094,861,06-01-2024,Movie or concert ticket,Entertainment,-321.87,Debit,28917.75
2095,40,09-06-2024,Monthly rent payment,Rent,-302.89,Debit,28614.86
2096,806,03-05-2024,Doctor visit or medication,Healthcare,162.63,Credit,28777.49
2097,935,26-12-2023,Utility bill payment,Utilities,477.38,Credit,29254.87
2098,360,19-10-2023,Uber ride or fuel,Transport,-243.02,Debit,29011.85
2099,280,25-08-2023,Movie or concert ticket,Entertainment,-362.72,Debit,28649.13
2100,448,10-06-2024,Transferred to savings account,Savings,392.03,Credit,29041.16
2101,864,14-10-2023,Doctor visit or medication,Healthcare,-108.96,Debit,28932.2
2102,868,14-07-2024,Utility bill payment,Utilities,-380.93,Debit,28551.27
2103,626,17-10-2023,Movie or concert ticket,Entertainment,-228.48,Debit,28322.79
2104,726,04-04-2024,Movie or concert ticket,Entertainment,-58.8,Debit,28263.99
2105,349,07-06-2024,Restaurant bill,Dining Out,-207.68,Debit,28056.31
2106,429,09-02-2024,Uber ride or fuel,Transport,-432.81,Debit,27623.5
2107,746,28-01-2024,Movie or concert ticket,Entertainment,461.05,Credit,28084.55
2108,685,14-09-2023,Transferred to savings account,Savings,-330.75,Debit,27753.8
2109,589,29-01-2024,Restaurant bill,Dining Out,-275.35,Debit,27478.45
2110,177,10-11-2023,Doctor visit or medication,Healthcare,144.28,Credit,27622.73
2111,339,14-12-2023,Uber ride or fuel,Transport,205.28,Credit,27828.01
2112,127,10-05-2024,Grocery shopping,Groceries,-100.28,Debit,27727.73
2113,947,02-08-2024,Monthly rent payment,Rent,471.89,Credit,28199.62
2114,915,21-06-2024,Monthly rent payment,Rent,-240.74,Debit,27958.88
2115,978,15-07-2024,Doctor visit or medication,Healthcare,-211.09,Debit,27747.79
2116,460,30-07-2024,Doctor visit or medication,Healthcare,-329.12,Debit,27418.67
2117,369,02-01-2024,Grocery shopping,Groceries,321.27,Credit,27739.94
2118,417,31-01-2024,Monthly rent payment,Rent,245.75,Credit,27985.69
2119,124,12-03-2024,Movie or concert ticket,Entertainment,-296.99,Debit,27688.7
2120,917,24-03-2024,Grocery shopping,Groceries,-464.02,Debit,27224.68
2121,544,15-01-2024,Doctor visit or medication,Healthcare,-460.23,Debit,26764.45
2122,783,10-07-2024,Utility bill payment,Utilities,-466.71,Debit,26297.74
2123,314,05-10-2023,Movie or concert ticket,Entertainment,311.53,Credit,26609.27
2124,572,04-11-2023,Movie or concert ticket,Entertainment,-53.71,Debit,26555.56
2125,934,27-01-2024,Transferred to savings account,Savings,369.39,Credit,26924.95
2126,749,07-11-2023,Transferred to savings account,Savings,-458.63,Debit,26466.32
2127,385,08-06-2024,Utility bill payment,Utilities,-355.88,Debit,26110.44
2128,598,07-05-2024,Transferred to savings account,Savings,-400.84,Debit,25709.6
2129,658,01-06-2024,Utility bill payment,Utilities,-170.17,Debit,25539.43
2130,284,02-05-2024,Uber ride or fuel,Transport,-42.23,Debit,25497.2
2131,325,17-05-2024,Uber ride or fuel,Transport,41.77,Credit,25538.97
2132,155,13-12-2023,Utility bill payment,Utilities,389.8,Credit,25928.77
2133,375,31-05-2024,Transferred to savings account,Savings,154.02,Credit,26082.79
2134,59,06-09-2023,Uber ride or fuel,Transport,98.76,Credit,26181.55
2135,179,13-10-2023,Movie or concert ticket,Entertainment,51.45,Credit,26233
2136,377,11-09-2023,Uber ride or fuel,Transport,303.2,Credit,26536.2
2137,363,14-05-2024,Monthly rent payment,Rent,-271.91,Debit,26264.29
2138,898,11-09-2023,Uber ride or fuel,Transport,-293.03,Debit,25971.26
2139,269,06-06-2024,Transferred to savings account,Savings,440.83,Credit,26412.09
2140,821,17-01-2024,Doctor visit or medication,Healthcare,413.1,Credit,26825.19
2141,442,09-06-2024,Transferred to savings account,Savings,61.93,Credit,26887.12
2142,429,04-10-2023,Monthly rent payment,Rent,15.19,Credit,26902.31
2143,570,13-05-2024,Grocery shopping,Groceries,-396.35,Debit,26505.96
2144,158,25-02-2024,Restaurant bill,Dining Out,166.76,Credit,26672.72
2145,70,17-06-2024,Doctor visit or medication,Healthcare,-455.48,Debit,26217.24
2146,619,04-05-2024,Utility bill payment,Utilities,-155.18,Debit,26062.06
2147,909,13-03-2024,Monthly rent payment,Rent,65.23,Credit,26127.29
2148,392,21-10-2023,Uber ride or fuel,Transport,311.95,Credit,26439.24
2149,568,16-07-2024,Restaurant bill,Dining Out,20.03,Credit,26459.27
2150,421,01-06-2024,Utility bill payment,Utilities,373.73,Credit,26833
2151,929,23-12-2023,Utility bill payment,Utilities,-383.13,Debit,26449.87
2152,646,03-05-2024,Monthly rent payment,Rent,-449.83,Debit,26000.04
2153,643,17-08-2023,Restaurant bill,Dining Out,-375.7,Debit,25624.34
2154,551,03-12-2023,Movie or concert ticket,Entertainment,-351.25,Debit,25273.09
2155,123,21-09-2023,Utility bill payment,Utilities,-497.46,Debit,24775.63
2156,247,05-03-2024,Monthly rent payment,Rent,117.34,Credit,24892.97
2157,837,17-03-2024,Monthly rent payment,Rent,-222.33,Debit,24670.64
2158,35,09-07-2024,Transferred to savings account,Savings,381.55,Credit,25052.19
2159,194,16-03-2024,Monthly rent payment,Rent,-373.45,Debit,24678.74
2160,661,22-11-2023,Restaurant bill,Dining Out,141.72,Credit,24820.46
2161,288,20-06-2024,Uber ride or fuel,Transport,400.87,Credit,25221.33
2162,818,20-05-2024,Grocery shopping,Groceries,-81.81,Debit,25139.52
2163,839,31-03-2024,Restaurant bill,Dining Out,-218.46,Debit,24921.06
2164,104,23-03-2024,Restaurant bill,Dining Out,112.46,Credit,25033.52
2165,326,12-04-2024,Uber ride or fuel,Transport,193.35,Credit,25226.87
2166,927,10-06-2024,Utility bill payment,Utilities,194.48,Credit,25421.35
2167,232,05-11-2023,Uber ride or fuel,Transport,-58.72,Debit,25362.63
2168,87,19-07-2024,Doctor visit or medication,Healthcare,164.52,Credit,25527.15
2169,820,31-10-2023,Monthly rent payment,Rent,6.49,Credit,25533.64
2170,119,13-06-2024,Transferred to savings account,Savings,-24,Debit,25509.64
2171,718,06-09-2023,Doctor visit or medication,Healthcare,-81.37,Debit,25428.27
2172,143,17-03-2024,Uber ride or fuel,Transport,78.45,Credit,25506.72
2173,103,28-10-2023,Monthly rent payment,Rent,-247.44,Debit,25259.28
2174,296,10-10-2023,Doctor visit or medication,Healthcare,373.21,Credit,25632.49
2175,215,20-11-2023,Movie or concert ticket,Entertainment,113.67,Credit,25746.16
2176,44,06-08-2024,Uber ride or fuel,Transport,-47.86,Debit,25698.3
2177,56,18-05-2024,Transferred to savings account,Savings,29.62,Credit,25727.92
2178,106,24-03-2024,Movie or concert ticket,Entertainment,121.24,Credit,25849.16
2179,526,26-07-2024,Uber ride or fuel,Transport,470.73,Credit,26319.89
2180,736,06-12-2023,Uber ride or fuel,Transport,-48.33,Debit,26271.56
2181,347,20-03-2024,Utility bill payment,Utilities,-276.89,Debit,25994.67
2182,252,29-07-2024,Utility bill payment,Utilities,-267.91,Debit,25726.76
2183,40,01-08-2024,Transferred to savings account,Savings,-311.32,Debit,25415.44
2184,527,31-10-2023,Monthly rent payment,Rent,212.49,Credit,25627.93
2185,887,17-06-2024,Doctor visit or medication,Healthcare,429.19,Credit,26057.12
2186,260,02-07-2024,Monthly rent payment,Rent,7.85,Credit,26064.97
2187,41,23-11-2023,Doctor visit or medication,Healthcare,-45.39,Debit,26019.58
2188,983,20-08-2023,Monthly rent payment,Rent,432.9,Credit,26452.48
2189,59,16-07-2024,Transferred to savings account,Savings,348.51,Credit,26800.99
2190,83,30-05-2024,Doctor visit or medication,Healthcare,-414.96,Debit,26386.03
2191,838,18-11-2023,Monthly rent payment,Rent,-423.4,Debit,25962.63
2192,956,01-09-2023,Movie or concert ticket,Entertainment,-249.23,Debit,25713.4
2193,453,22-11-2023,Monthly rent payment,Rent,54.28,Credit,25767.68
2194,880,07-02-2024,Utility bill payment,Utilities,-162.89,Debit,25604.79
2195,915,15-12-2023,Movie or concert ticket,Entertainment,198.66,Credit,25803.45
2196,3,29-07-2024,Grocery shopping,Groceries,-414.9,Debit,25388.55
2197,317,15-04-2024,Restaurant bill,Dining Out,-259.52,Debit,25129.03
2198,442,26-01-2024,Movie or concert ticket,Entertainment,173.29,Credit,25302.32
2199,566,24-10-2023,Restaurant bill,Dining Out,-234.42,Debit,25067.9
2200,327,24-12-2023,Utility bill payment,Utilities,308,Credit,25375.9
2201,470,04-12-2023,Restaurant bill,Dining Out,330.27,Credit,25706.17
2202,651,03-05-2024,Doctor visit or medication,Healthcare,131.41,Credit,25837.58
2203,2,01-08-2024,Monthly rent payment,Rent,-137.48,Debit,25700.1
2204,264,02-08-2024,Doctor visit or medication,Healthcare,424.05,Credit,26124.15
2205,940,07-12-2023,Movie or concert ticket,Entertainment,390.35,Credit,26514.5
2206,286,21-07-2024,Transferred to savings account,Savings,352.54,Credit,26867.04
2207,460,22-08-2023,Doctor visit or medication,Healthcare,-222.88,Debit,26644.16
2208,454,14-09-2023,Utility bill payment,Utilities,-226.94,Debit,26417.22
2209,710,04-03-2024,Doctor visit or medication,Healthcare,112.2,Credit,26529.42
2210,511,07-03-2024,Transferred to savings account,Savings,45.63,Credit,26575.05
2211,153,17-02-2024,Transferred to savings account,Savings,-333.61,Debit,26241.44
2212,372,30-10-2023,Restaurant bill,Dining Out,203.56,Credit,26445
2213,902,12-07-2024,Transferred to savings account,Savings,6.58,Credit,26451.58
2214,708,23-10-2023,Grocery shopping,Groceries,204.24,Credit,26655.82
2215,140,23-12-2023,Movie or concert ticket,Entertainment,-312.39,Debit,26343.43
2216,221,22-10-2023,Movie or concert ticket,Entertainment,-430.61,Debit,25912.82
2217,154,29-05-2024,Doctor visit or medication,Healthcare,-389.02,Debit,25523.8
2218,277,17-05-2024,Doctor visit or medication,Healthcare,-189.44,Debit,25334.36
2219,496,10-05-2024,Movie or concert ticket,Entertainment,303.81,Credit,25638.17
2220,957,21-06-2024,Transferred to savings account,Savings,29.46,Credit,25667.63
2221,879,20-01-2024,Transferred to savings account,Savings,-102.33,Debit,25565.3
2222,872,19-09-2023,Transferred to savings account,Savings,-158.34,Debit,25406.96
2223,775,04-01-2024,Movie or concert ticket,Entertainment,-44.72,Debit,25362.24
2224,139,10-01-2024,Utility bill payment,Utilities,189.73,Credit,25551.97
2225,390,02-12-2023,Transferred to savings account,Savings,469.1,Credit,26021.07
2226,504,03-10-2023,Monthly rent payment,Rent,-78.8,Debit,25942.27
2227,561,24-10-2023,Transferred to savings account,Savings,35.91,Credit,25978.18
2228,124,23-04-2024,Grocery shopping,Groceries,333.8,Credit,26311.98
2229,44,07-05-2024,Doctor visit or medication,Healthcare,192.35,Credit,26504.33
2230,146,05-05-2024,Movie or concert ticket,Entertainment,-381.62,Debit,26122.71
2231,221,15-10-2023,Movie or concert ticket,Entertainment,-263.04,Debit,25859.67
2232,692,18-02-2024,Transferred to savings account,Savings,432.09,Credit,26291.76
2233,881,10-02-2024,Transferred to savings account,Savings,355.98,Credit,26647.74
2234,268,03-09-2023,Doctor visit or medication,Healthcare,-185.49,Debit,26462.25
2235,169,12-01-2024,Restaurant bill,Dining Out,-414.49,Debit,26047.76
2236,457,02-06-2024,Transferred to savings account,Savings,73.62,Credit,26121.38
2237,728,22-12-2023,Movie or concert ticket,Entertainment,-64.25,Debit,26057.13
2238,240,18-01-2024,Movie or concert ticket,Entertainment,442.38,Credit,26499.51
2239,512,27-08-2023,Movie or concert ticket,Entertainment,468.92,Credit,26968.43
2240,430,21-11-2023,Grocery shopping,Groceries,-84.28,Debit,26884.15
2241,23,20-03-2024,Utility bill payment,Utilities,-156.09,Debit,26728.06
2242,844,21-10-2023,Transferred to savings account,Savings,-423.13,Debit,26304.93
2243,732,25-10-2023,Uber ride or fuel,Transport,-331.87,Debit,25973.06
2244,97,10-05-2024,Doctor visit or medication,Healthcare,427.4,Credit,26400.46
2245,794,19-08-2023,Monthly rent payment,Rent,-128.55,Debit,26271.91
2246,982,06-01-2024,Utility bill payment,Utilities,-305.55,Debit,25966.36
2247,383,21-04-2024,Utility bill payment,Utilities,194.89,Credit,26161.25
2248,439,02-12-2023,Grocery shopping,Groceries,-408.31,Debit,25752.94
2249,689,01-10-2023,Grocery shopping,Groceries,-414.69,Debit,25338.25
2250,971,22-09-2023,Doctor visit or medication,Healthcare,-363.31,Debit,24974.94
2251,849,28-06-2024,Utility bill payment,Utilities,166.58,Credit,25141.52
2252,980,21-03-2024,Doctor visit or medication,Healthcare,-162.48,Debit,24979.04
2253,145,23-03-2024,Utility bill payment,Utilities,-415.7,Debit,24563.34
2254,964,16-01-2024,Grocery shopping,Groceries,-325.41,Debit,24237.93
2255,412,30-03-2024,Transferred to savings account,Savings,452.77,Credit,24690.7
2256,665,01-03-2024,Monthly rent payment,Rent,-282.73,Debit,24407.97
2257,888,16-10-2023,Grocery shopping,Groceries,461.1,Credit,24869.07
2258,174,08-01-2024,Transferred to savings account,Savings,-311.92,Debit,24557.15
2259,947,26-09-2023,Doctor visit or medication,Healthcare,244.13,Credit,24801.28
2260,517,19-02-2024,Transferred to savings account,Savings,463.72,Credit,25265
2261,16,19-04-2024,Utility bill payment,Utilities,335.67,Credit,25600.67
2262,587,29-04-2024,Restaurant bill,Dining Out,498.35,Credit,26099.02
2263,135,19-11-2023,Uber ride or fuel,Transport,250.53,Credit,26349.55
2264,550,07-03-2024,Grocery shopping,Groceries,172.94,Credit,26522.49
2265,218,07-12-2023,Uber ride or fuel,Transport,-71.16,Debit,26451.33
2266,12,06-12-2023,Restaurant bill,Dining Out,-265.38,Debit,26185.95
2267,907,18-12-2023,Utility bill payment,Utilities,425.64,Credit,26611.59
2268,715,14-03-2024,Uber ride or fuel,Transport,51.06,Credit,26662.65
2269,71,12-02-2024,Uber ride or fuel,Transport,254.67,Credit,26917.32
2270,184,12-08-2024,Doctor visit or medication,Healthcare,-427.13,Debit,26490.19
2271,815,07-01-2024,Monthly rent payment,Rent,229.64,Credit,26719.83
2272,981,06-12-2023,Movie or concert ticket,Entertainment,34.53,Credit,26754.36
2273,863,29-02-2024,Movie or concert ticket,Entertainment,-231.15,Debit,26523.21
2274,10,25-12-2023,Transferred to savings account,Savings,-104.47,Debit,26418.74
2275,564,29-03-2024,Doctor visit or medication,Healthcare,-406.13,Debit,26012.61
2276,493,11-12-2023,Doctor visit or medication,Healthcare,260.05,Credit,26272.66
2277,209,13-09-2023,Transferred to savings account,Savings,-408.82,Debit,25863.84
2278,177,17-09-2023,Monthly rent payment,Rent,-81.77,Debit,25782.07
2279,387,04-10-2023,Doctor visit or medication,Healthcare,-381.31,Debit,25400.76
2280,538,29-07-2024,Restaurant bill,Dining Out,-301.88,Debit,25098.88
2281,82,09-11-2023,Doctor visit or medication,Healthcare,437.65,Credit,25536.53
2282,686,17-11-2023,Monthly rent payment,Rent,-154.88,Debit,25381.65
2283,470,20-09-2023,Monthly rent payment,Rent,73.21,Credit,25454.86
2284,635,08-07-2024,Uber ride or fuel,Transport,390.78,Credit,25845.64
2285,223,19-01-2024,Uber ride or fuel,Transport,-88.37,Debit,25757.27
2286,661,04-01-2024,Monthly rent payment,Rent,61.63,Credit,25818.9
2287,614,15-12-2023,Grocery shopping,Groceries,215.31,Credit,26034.21
2288,540,31-01-2024,Movie or concert ticket,Entertainment,-25.92,Debit,26008.29
2289,675,23-12-2023,Uber ride or fuel,Transport,-95.3,Debit,25912.99
2290,756,16-04-2024,Restaurant bill,Dining Out,135.44,Credit,26048.43
2291,583,12-08-2024,Monthly rent payment,Rent,-458.3,Debit,25590.13
2292,934,10-09-2023,Restaurant bill,Dining Out,344.28,Credit,25934.41
2293,371,12-09-2023,Doctor visit or medication,Healthcare,-326.31,Debit,25608.1
2294,671,07-09-2023,Utility bill payment,Utilities,-306.54,Debit,25301.56
2295,471,22-04-2024,Utility bill payment,Utilities,160.91,Credit,25462.47
2296,790,27-03-2024,Restaurant bill,Dining Out,-408.25,Debit,25054.22
2297,509,26-07-2024,Grocery shopping,Groceries,-275.29,Debit,24778.93
2298,976,15-03-2024,Grocery shopping,Groceries,273.09,Credit,25052.02
2299,231,10-03-2024,Doctor visit or medication,Healthcare,-54.64,Debit,24997.38
2300,566,16-01-2024,Restaurant bill,Dining Out,-34.22,Debit,24963.16
2301,796,19-05-2024,Transferred to savings account,Savings,-454.1,Debit,24509.06
2302,463,11-08-2024,Restaurant bill,Dining Out,-285.71,Debit,24223.35
2303,158,09-07-2024,Doctor visit or medication,Healthcare,126.9,Credit,24350.25
2304,795,04-11-2023,Uber ride or fuel,Transport,444.94,Credit,24795.19
2305,825,17-07-2024,Grocery shopping,Groceries,111.99,Credit,24907.18
2306,366,05-07-2024,Utility bill payment,Utilities,-296.16,Debit,24611.02
2307,976,22-10-2023,Monthly rent payment,Rent,433.44,Credit,25044.46
2308,36,20-09-2023,Restaurant bill,Dining Out,-466.41,Debit,24578.05
2309,220,22-08-2023,Grocery shopping,Groceries,-470.59,Debit,24107.46
2310,962,26-06-2024,Restaurant bill,Dining Out,469.05,Credit,24576.51
2311,594,02-07-2024,Doctor visit or medication,Healthcare,-302.57,Debit,24273.94
2312,258,26-06-2024,Utility bill payment,Utilities,-426.05,Debit,23847.89
2313,70,07-09-2023,Grocery shopping,Groceries,20.3,Credit,23868.19
2314,454,03-03-2024,Transferred to savings account,Savings,-330.32,Debit,23537.87
2315,604,31-08-2023,Utility bill payment,Utilities,-443.82,Debit,23094.05
2316,455,17-07-2024,Doctor visit or medication,Healthcare,-229.38,Debit,22864.67
2317,126,28-09-2023,Doctor visit or medication,Healthcare,-182.22,Debit,22682.45
2318,92,11-12-2023,Movie or concert ticket,Entertainment,471.27,Credit,23153.72
2319,577,12-11-2023,Transferred to savings account,Savings,-467.04,Debit,22686.68
2320,291,26-02-2024,Movie or concert ticket,Entertainment,444.13,Credit,23130.81
2321,976,24-07-2024,Movie or concert ticket,Entertainment,-159.26,Debit,22971.55
2322,841,16-03-2024,Utility bill payment,Utilities,152.71,Credit,23124.26
2323,566,15-06-2024,Grocery shopping,Groceries,244.24,Credit,23368.5
2324,459,14-05-2024,Utility bill payment,Utilities,277.43,Credit,23645.93
2325,827,20-05-2024,Monthly rent payment,Rent,-293.02,Debit,23352.91
2326,849,13-05-2024,Utility bill payment,Utilities,347.4,Credit,23700.31
2327,623,07-04-2024,Uber ride or fuel,Transport,-193.68,Debit,23506.63
2328,66,29-01-2024,Monthly rent payment,Rent,-124.51,Debit,23382.12
2329,207,24-01-2024,Uber ride or fuel,Transport,231.11,Credit,23613.23
2330,442,07-11-2023,Transferred to savings account,Savings,-73.23,Debit,23540
2331,134,10-03-2024,Monthly rent payment,Rent,472.84,Credit,24012.84
2332,168,13-06-2024,Transferred to savings account,Savings,18.4,Credit,24031.24
2333,242,12-11-2023,Grocery shopping,Groceries,35.76,Credit,24067
2334,34,30-01-2024,Doctor visit or medication,Healthcare,26.26,Credit,24093.26
2335,418,09-10-2023,Monthly rent payment,Rent,443.19,Credit,24536.45
2336,862,23-03-2024,Restaurant bill,Dining Out,-494.83,Debit,24041.62
2337,192,09-07-2024,Movie or concert ticket,Entertainment,410.21,Credit,24451.83
2338,940,08-09-2023,Transferred to savings account,Savings,324.98,Credit,24776.81
2339,387,09-02-2024,Grocery shopping,Groceries,89.08,Credit,24865.89
2340,364,24-02-2024,Restaurant bill,Dining Out,-108.29,Debit,24757.6
2341,438,24-11-2023,Restaurant bill,Dining Out,-245.37,Debit,24512.23
2342,996,06-06-2024,Utility bill payment,Utilities,267.43,Credit,24779.66
2343,81,16-02-2024,Uber ride or fuel,Transport,21.56,Credit,24801.22
2344,346,24-08-2023,Utility bill payment,Utilities,289.67,Credit,25090.89
2345,669,07-07-2024,Doctor visit or medication,Healthcare,145.57,Credit,25236.46
2346,897,26-07-2024,Monthly rent payment,Rent,159.61,Credit,25396.07
2347,342,24-09-2023,Grocery shopping,Groceries,377.19,Credit,25773.26
2348,944,19-09-2023,Restaurant bill,Dining Out,400.66,Credit,26173.92
2349,31,31-07-2024,Movie or concert ticket,Entertainment,-124.32,Debit,26049.6
2350,240,23-02-2024,Doctor visit or medication,Healthcare,-410.25,Debit,25639.35
2351,890,23-07-2024,Utility bill payment,Utilities,-161.03,Debit,25478.32
2352,249,24-05-2024,Uber ride or fuel,Transport,-237.21,Debit,25241.11
2353,816,28-06-2024,Utility bill payment,Utilities,114.46,Credit,25355.57
2354,785,15-02-2024,Grocery shopping,Groceries,75.13,Credit,25430.7
2355,346,31-01-2024,Doctor visit or medication,Healthcare,396,Credit,25826.7
2356,188,28-01-2024,Movie or concert ticket,Entertainment,-54.46,Debit,25772.24
2357,600,28-11-2023,Restaurant bill,Dining Out,-247.63,Debit,25524.61
2358,900,08-11-2023,Doctor visit or medication,Healthcare,-166.76,Debit,25357.85
2359,783,19-09-2023,Restaurant bill,Dining Out,24.03,Credit,25381.88
2360,428,19-10-2023,Restaurant bill,Dining Out,390.12,Credit,25772
2361,46,07-06-2024,Monthly rent payment,Rent,31.63,Credit,25803.63
2362,373,13-11-2023,Restaurant bill,Dining Out,37.02,Credit,25840.65
2363,373,25-02-2024,Uber ride or fuel,Transport,-349.94,Debit,25490.71
2364,157,23-03-2024,Restaurant bill,Dining Out,-340.92,Debit,25149.79
2365,568,11-09-2023,Monthly rent payment,Rent,-311.42,Debit,24838.37
2366,942,09-05-2024,Uber ride or fuel,Transport,15.91,Credit,24854.28
2367,269,14-12-2023,Uber ride or fuel,Transport,222.72,Credit,25077
2368,113,28-10-2023,Restaurant bill,Dining Out,256.14,Credit,25333.14
2369,766,25-12-2023,Movie or concert ticket,Entertainment,384.63,Credit,25717.77
2370,897,31-07-2024,Monthly rent payment,Rent,356.19,Credit,26073.96
2371,438,24-07-2024,Grocery shopping,Groceries,350.94,Credit,26424.9
2372,764,11-06-2024,Movie or concert ticket,Entertainment,-491.23,Debit,25933.67
2373,849,24-11-2023,Uber ride or fuel,Transport,-169.18,Debit,25764.49
2374,447,03-12-2023,Utility bill payment,Utilities,470.21,Credit,26234.7
2375,328,23-10-2023,Grocery shopping,Groceries,250.89,Credit,26485.59
2376,83,08-02-2024,Transferred to savings account,Savings,70.96,Credit,26556.55
2377,152,27-07-2024,Restaurant bill,Dining Out,358.78,Credit,26915.33
2378,762,22-07-2024,Restaurant bill,Dining Out,-300.11,Debit,26615.22
2379,861,27-01-2024,Movie or concert ticket,Entertainment,77.04,Credit,26692.26
2380,990,26-03-2024,Doctor visit or medication,Healthcare,13.2,Credit,26705.46
2381,405,25-03-2024,Uber ride or fuel,Transport,-446.51,Debit,26258.95
2382,968,11-08-2024,Uber ride or fuel,Transport,208.45,Credit,26467.4
2383,332,22-01-2024,Monthly rent payment,Rent,101.16,Credit,26568.56
2384,599,15-02-2024,Transferred to savings account,Savings,-124.11,Debit,26444.45
2385,356,24-10-2023,Uber ride or fuel,Transport,136.04,Credit,26580.49
2386,703,18-12-2023,Uber ride or fuel,Transport,381.88,Credit,26962.37
2387,794,29-02-2024,Grocery shopping,Groceries,-117.55,Debit,26844.82
2388,564,24-07-2024,Restaurant bill,Dining Out,-158.49,Debit,26686.33
2389,183,23-06-2024,Transferred to savings account,Savings,183.88,Credit,26870.21
2390,743,04-06-2024,Monthly rent payment,Rent,-474.77,Debit,26395.44
2391,147,24-02-2024,Grocery shopping,Groceries,-194.52,Debit,26200.92
2392,923,26-02-2024,Transferred to savings account,Savings,79.46,Credit,26280.38
2393,724,16-10-2023,Grocery shopping,Groceries,341.45,Credit,26621.83
2394,670,09-12-2023,Movie or concert ticket,Entertainment,329.49,Credit,26951.32
2395,69,28-02-2024,Restaurant bill,Dining Out,463.84,Credit,27415.16
2396,74,24-05-2024,Monthly rent payment,Rent,95.77,Credit,27510.93
2397,815,24-12-2023,Grocery shopping,Groceries,-36.7,Debit,27474.23
2398,800,14-12-2023,Restaurant bill,Dining Out,300.52,Credit,27774.75
2399,837,17-08-2023,Utility bill payment,Utilities,-365.94,Debit,27408.81
2400,603,10-02-2024,Monthly rent payment,Rent,448,Credit,27856.81
2401,41,18-09-2023,Movie or concert ticket,Entertainment,124.52,Credit,27981.33
2402,533,09-12-2023,Restaurant bill,Dining Out,-280.7,Debit,27700.63
2403,794,21-03-2024,Utility bill payment,Utilities,-401.92,Debit,27298.71
2404,475,27-09-2023,Grocery shopping,Groceries,-171.97,Debit,27126.74
2405,787,27-06-2024,Utility bill payment,Utilities,438.22,Credit,27564.96
2406,346,09-09-2023,Movie or concert ticket,Entertainment,117.3,Credit,27682.26
2407,981,22-10-2023,Transferred to savings account,Savings,-487.61,Debit,27194.65
2408,240,07-07-2024,Grocery shopping,Groceries,222.35,Credit,27417
2409,816,26-06-2024,Restaurant bill,Dining Out,388.6,Credit,27805.6
2410,826,26-07-2024,Movie or concert ticket,Entertainment,-193.57,Debit,27612.03
2411,12,25-07-2024,Grocery shopping,Groceries,-317.23,Debit,27294.8
2412,316,28-01-2024,Monthly rent payment,Rent,-95.82,Debit,27198.98
2413,114,07-10-2023,Transferred to savings account,Savings,-237.08,Debit,26961.9
2414,974,22-01-2024,Utility bill payment,Utilities,81.05,Credit,27042.95
2415,288,09-01-2024,Transferred to savings account,Savings,85.49,Credit,27128.44
2416,519,06-03-2024,Monthly rent payment,Rent,358.63,Credit,27487.07
2417,885,12-03-2024,Monthly rent payment,Rent,-300.6,Debit,27186.47
2418,312,16-10-2023,Uber ride or fuel,Transport,-401.22,Debit,26785.25
2419,609,15-02-2024,Grocery shopping,Groceries,-355.96,Debit,26429.29
2420,997,26-03-2024,Uber ride or fuel,Transport,-115.35,Debit,26313.94
2421,351,04-11-2023,Doctor visit or medication,Healthcare,434.75,Credit,26748.69
2422,631,16-12-2023,Restaurant bill,Dining Out,222.34,Credit,26971.03
2423,523,31-01-2024,Monthly rent payment,Rent,59.22,Credit,27030.25
2424,77,19-12-2023,Restaurant bill,Dining Out,-21.62,Debit,27008.63
2425,228,07-09-2023,Restaurant bill,Dining Out,-421.99,Debit,26586.64
2426,930,23-05-2024,Restaurant bill,Dining Out,-315.99,Debit,26270.65
2427,828,17-07-2024,Uber ride or fuel,Transport,123.36,Credit,26394.01
2428,215,20-08-2023,Grocery shopping,Groceries,-365.8,Debit,26028.21
2429,343,23-07-2024,Movie or concert ticket,Entertainment,247.23,Credit,26275.44
2430,759,30-10-2023,Restaurant bill,Dining Out,163.31,Credit,26438.75
2431,219,12-09-2023,Uber ride or fuel,Transport,39,Credit,26477.75
2432,951,11-02-2024,Grocery shopping,Groceries,-254.8,Debit,26222.95
2433,754,28-10-2023,Utility bill payment,Utilities,-51.55,Debit,26171.4
2434,538,22-12-2023,Uber ride or fuel,Transport,169.61,Credit,26341.01
2435,198,19-10-2023,Movie or concert ticket,Entertainment,-386.38,Debit,25954.63
2436,47,27-11-2023,Restaurant bill,Dining Out,294.96,Credit,26249.59
2437,445,02-07-2024,Utility bill payment,Utilities,-163.48,Debit,26086.11
2438,919,13-02-2024,Restaurant bill,Dining Out,339.76,Credit,26425.87
2439,570,23-12-2023,Transferred to savings account,Savings,438.42,Credit,26864.29
2440,532,20-04-2024,Monthly rent payment,Rent,47.68,Credit,26911.97
2441,698,03-12-2023,Utility bill payment,Utilities,-472.95,Debit,26439.02
2442,922,11-09-2023,Movie or concert ticket,Entertainment,-120.22,Debit,26318.8
2443,591,18-10-2023,Restaurant bill,Dining Out,-289.14,Debit,26029.66
2444,199,15-04-2024,Uber ride or fuel,Transport,-209.98,Debit,25819.68
2445,674,19-11-2023,Uber ride or fuel,Transport,21.7,Credit,25841.38
2446,636,22-11-2023,Doctor visit or medication,Healthcare,75.57,Credit,25916.95
2447,901,10-01-2024,Transferred to savings account,Savings,301.65,Credit,26218.6
2448,921,16-05-2024,Monthly rent payment,Rent,161.09,Credit,26379.69
2449,799,09-09-2023,Transferred to savings account,Savings,-10.79,Debit,26368.9
2450,225,23-01-2024,Utility bill payment,Utilities,470.83,Credit,26839.73
2451,675,22-05-2024,Monthly rent payment,Rent,-238.12,Debit,26601.61
2452,392,30-04-2024,Doctor visit or medication,Healthcare,105.25,Credit,26706.86
2453,653,13-12-2023,Uber ride or fuel,Transport,-374.04,Debit,26332.82
2454,262,05-04-2024,Uber ride or fuel,Transport,347.52,Credit,26680.34
2455,245,25-10-2023,Uber ride or fuel,Transport,62.74,Credit,26743.08
2456,39,12-07-2024,Transferred to savings account,Savings,138.33,Credit,26881.41
2457,513,29-06-2024,Uber ride or fuel,Transport,30.3,Credit,26911.71
2458,361,11-11-2023,Utility bill payment,Utilities,-200.4,Debit,26711.31
2459,21,09-01-2024,Monthly rent payment,Rent,-308.07,Debit,26403.24
2460,975,06-12-2023,Monthly rent payment,Rent,352.35,Credit,26755.59
2461,575,14-06-2024,Utility bill payment,Utilities,-153.51,Debit,26602.08
2462,944,11-03-2024,Movie or concert ticket,Entertainment,415.6,Credit,27017.68
2463,410,22-10-2023,Monthly rent payment,Rent,-285.76,Debit,26731.92
2464,801,15-12-2023,Doctor visit or medication,Healthcare,-22.27,Debit,26709.65
2465,901,18-11-2023,Doctor visit or medication,Healthcare,81.78,Credit,26791.43
2466,47,10-05-2024,Grocery shopping,Groceries,-392.75,Debit,26398.68
2467,851,21-09-2023,Restaurant bill,Dining Out,459.85,Credit,26858.53
2468,518,25-03-2024,Monthly rent payment,Rent,-276.78,Debit,26581.75
2469,259,14-08-2023,Uber ride or fuel,Transport,352.08,Credit,26933.83
2470,522,02-12-2023,Grocery shopping,Groceries,-438.28,Debit,26495.55
2471,266,07-09-2023,Uber ride or fuel,Transport,15.64,Credit,26511.19
2472,598,25-11-2023,Transferred to savings account,Savings,-234.25,Debit,26276.94
2473,100,17-05-2024,Monthly rent payment,Rent,-260.57,Debit,26016.37
2474,921,16-02-2024,Utility bill payment,Utilities,443.75,Credit,26460.12
2475,593,12-08-2024,Restaurant bill,Dining Out,-13.86,Debit,26446.26
2476,799,20-03-2024,Restaurant bill,Dining Out,95.35,Credit,26541.61
2477,164,14-03-2024,Movie or concert ticket,Entertainment,-25.53,Debit,26516.08
2478,645,22-10-2023,Grocery shopping,Groceries,-468.26,Debit,26047.82
2479,848,11-04-2024,Uber ride or fuel,Transport,-249.57,Debit,25798.25
2480,239,05-07-2024,Restaurant bill,Dining Out,-92.17,Debit,25706.08
2481,832,13-09-2023,Movie or concert ticket,Entertainment,-318.64,Debit,25387.44
2482,264,04-03-2024,Transferred to savings account,Savings,481.9,Credit,25869.34
2483,129,17-11-2023,Movie or concert ticket,Entertainment,-292.72,Debit,25576.62
2484,353,13-02-2024,Doctor visit or medication,Healthcare,-352.95,Debit,25223.67
2485,178,25-06-2024,Uber ride or fuel,Transport,-334.67,Debit,24889
2486,649,06-01-2024,Doctor visit or medication,Healthcare,-303.42,Debit,24585.58
2487,378,03-02-2024,Doctor visit or medication,Healthcare,229.64,Credit,24815.22
2488,169,08-11-2023,Transferred to savings account,Savings,202.26,Credit,25017.48
2489,587,27-10-2023,Restaurant bill,Dining Out,-130.96,Debit,24886.52
2490,355,13-04-2024,Utility bill payment,Utilities,-426.02,Debit,24460.5
2491,201,28-09-2023,Utility bill payment,Utilities,-362.31,Debit,24098.19
2492,124,31-05-2024,Grocery shopping,Groceries,335.62,Credit,24433.81
2493,217,13-07-2024,Doctor visit or medication,Healthcare,461.4,Credit,24895.21
2494,218,12-02-2024,Grocery shopping,Groceries,87.61,Credit,24982.82
2495,621,28-05-2024,Monthly rent payment,Rent,-139.87,Debit,24842.95
2496,42,26-06-2024,Utility bill payment,Utilities,327.13,Credit,25170.08
2497,575,13-06-2024,Utility bill payment,Utilities,-256.6,Debit,24913.48
2498,568,14-09-2023,Restaurant bill,Dining Out,-358.58,Debit,24554.9
2499,352,21-04-2024,Uber ride or fuel,Transport,-90.69,Debit,24464.21
2500,443,16-06-2024,Uber ride or fuel,Transport,-333.86,Debit,24130.35
2501,53,03-10-2023,Restaurant bill,Dining Out,-455.85,Debit,23674.5
2502,919,23-05-2024,Grocery shopping,Groceries,-156.43,Debit,23518.07
2503,601,24-08-2023,Monthly rent payment,Rent,21.13,Credit,23539.2
2504,591,27-01-2024,Utility bill payment,Utilities,-425.49,Debit,23113.71
2505,805,17-04-2024,Transferred to savings account,Savings,-326.78,Debit,22786.93
2506,465,14-07-2024,Restaurant bill,Dining Out,475.59,Credit,23262.52
2507,884,26-08-2023,Uber ride or fuel,Transport,480.84,Credit,23743.36
2508,584,02-09-2023,Uber ride or fuel,Transport,492.16,Credit,24235.52
2509,290,20-11-2023,Movie or concert ticket,Entertainment,-238.69,Debit,23996.83
2510,960,16-03-2024,Restaurant bill,Dining Out,364.97,Credit,24361.8
2511,970,20-10-2023,Utility bill payment,Utilities,218.09,Credit,24579.89
2512,251,26-08-2023,Grocery shopping,Groceries,-323.28,Debit,24256.61
2513,326,05-07-2024,Doctor visit or medication,Healthcare,-197.76,Debit,24058.85
2514,271,17-05-2024,Restaurant bill,Dining Out,108.59,Credit,24167.44
2515,882,03-02-2024,Utility bill payment,Utilities,434.84,Credit,24602.28
2516,372,09-10-2023,Monthly rent payment,Rent,-230.69,Debit,24371.59
2517,623,28-04-2024,Uber ride or fuel,Transport,351.67,Credit,24723.26
2518,167,30-06-2024,Doctor visit or medication,Healthcare,430.4,Credit,25153.66
2519,749,03-05-2024,Monthly rent payment,Rent,-465.34,Debit,24688.32
2520,108,15-05-2024,Uber ride or fuel,Transport,458.31,Credit,25146.63
2521,1000,30-09-2023,Uber ride or fuel,Transport,114.41,Credit,25261.04
2522,316,03-08-2024,Restaurant bill,Dining Out,349.31,Credit,25610.35
2523,415,02-11-2023,Doctor visit or medication,Healthcare,-179.06,Debit,25431.29
2524,610,23-05-2024,Transferred to savings account,Savings,363.57,Credit,25794.86
2525,603,10-01-2024,Transferred to savings account,Savings,473.87,Credit,26268.73
2526,277,14-11-2023,Monthly rent payment,Rent,-141.34,Debit,26127.39
2527,542,22-02-2024,Doctor visit or medication,Healthcare,-457.08,Debit,25670.31
2528,526,05-08-2024,Monthly rent payment,Rent,-429.61,Debit,25240.7
2529,762,23-10-2023,Grocery shopping,Groceries,-279.1,Debit,24961.6
2530,143,20-09-2023,Movie or concert ticket,Entertainment,-26.98,Debit,24934.62
2531,899,12-05-2024,Transferred to savings account,Savings,-425.43,Debit,24509.19
2532,730,04-10-2023,Movie or concert ticket,Entertainment,383.81,Credit,24893
2533,239,19-06-2024,Utility bill payment,Utilities,160.18,Credit,25053.18
2534,883,02-10-2023,Transferred to savings account,Savings,117.82,Credit,25171
2535,839,17-03-2024,Movie or concert ticket,Entertainment,-466.16,Debit,24704.84
2536,534,08-07-2024,Monthly rent payment,Rent,452.4,Credit,25157.24
2537,81,24-02-2024,Uber ride or fuel,Transport,-437.19,Debit,24720.05
2538,989,24-04-2024,Movie or concert ticket,Entertainment,-257.55,Debit,24462.5
2539,249,18-09-2023,Transferred to savings account,Savings,225.61,Credit,24688.11
2540,898,30-10-2023,Monthly rent payment,Rent,191.99,Credit,24880.1
2541,142,18-06-2024,Utility bill payment,Utilities,56.72,Credit,24936.82
2542,887,25-11-2023,Doctor visit or medication,Healthcare,-459.35,Debit,24477.47
2543,108,10-05-2024,Doctor visit or medication,Healthcare,-86.72,Debit,24390.75
2544,221,21-07-2024,Grocery shopping,Groceries,-287.51,Debit,24103.24
2545,796,03-07-2024,Transferred to savings account,Savings,297.75,Credit,24400.99
2546,977,04-04-2024,Doctor visit or medication,Healthcare,-202.54,Debit,24198.45
2547,593,03-06-2024,Restaurant bill,Dining Out,-253.09,Debit,23945.36
2548,144,13-04-2024,Movie or concert ticket,Entertainment,-307.92,Debit,23637.44
2549,551,24-05-2024,Transferred to savings account,Savings,-90.33,Debit,23547.11
2550,416,28-08-2023,Restaurant bill,Dining Out,266.09,Credit,23813.2
2551,795,05-01-2024,Utility bill payment,Utilities,-261.45,Debit,23551.75
2552,117,15-01-2024,Uber ride or fuel,Transport,85.44,Credit,23637.19
2553,350,16-06-2024,Restaurant bill,Dining Out,300.29,Credit,23937.48
2554,665,24-08-2023,Grocery shopping,Groceries,452.37,Credit,24389.85
2555,793,21-02-2024,Transferred to savings account,Savings,458.11,Credit,24847.96
2556,112,31-07-2024,Movie or concert ticket,Entertainment,132,Credit,24979.96
2557,55,05-05-2024,Grocery shopping,Groceries,60.21,Credit,25040.17
2558,365,06-04-2024,Movie or concert ticket,Entertainment,-439.5,Debit,24600.67
2559,260,15-12-2023,Uber ride or fuel,Transport,426.36,Credit,25027.03
2560,465,30-08-2023,Monthly rent payment,Rent,59.29,Credit,25086.32
2561,232,28-11-2023,Movie or concert ticket,Entertainment,454.22,Credit,25540.54
2562,576,28-02-2024,Movie or concert ticket,Entertainment,-323.88,Debit,25216.66
2563,737,06-11-2023,Monthly rent payment,Rent,94.83,Credit,25311.49
2564,633,17-01-2024,Grocery shopping,Groceries,-240.18,Debit,25071.31
2565,767,12-12-2023,Monthly rent payment,Rent,373.01,Credit,25444.32
2566,468,02-03-2024,Uber ride or fuel,Transport,470.78,Credit,25915.1
2567,309,06-02-2024,Doctor visit or medication,Healthcare,184.72,Credit,26099.82
2568,436,25-03-2024,Restaurant bill,Dining Out,-486.66,Debit,25613.16
2569,519,15-07-2024,Uber ride or fuel,Transport,415.01,Credit,26028.17
2570,460,15-08-2023,Grocery shopping,Groceries,-38.28,Debit,25989.89
2571,775,22-07-2024,Utility bill payment,Utilities,-107.91,Debit,25881.98
2572,954,12-12-2023,Movie or concert ticket,Entertainment,302.88,Credit,26184.86
2573,171,04-05-2024,Grocery shopping,Groceries,160.3,Credit,26345.16
2574,403,11-09-2023,Uber ride or fuel,Transport,489.81,Credit,26834.97
2575,915,16-04-2024,Doctor visit or medication,Healthcare,171.22,Credit,27006.19
2576,524,23-12-2023,Grocery shopping,Groceries,-324.22,Debit,26681.97
2577,711,09-11-2023,Movie or concert ticket,Entertainment,44.69,Credit,26726.66
2578,444,01-04-2024,Utility bill payment,Utilities,-205.15,Debit,26521.51
2579,286,07-02-2024,Movie or concert ticket,Entertainment,-480.86,Debit,26040.65
2580,126,09-08-2024,Grocery shopping,Groceries,257.27,Credit,26297.92
2581,266,26-12-2023,Doctor visit or medication,Healthcare,208.76,Credit,26506.68
2582,569,16-04-2024,Grocery shopping,Groceries,283.86,Credit,26790.54
2583,728,09-11-2023,Monthly rent payment,Rent,93.73,Credit,26884.27
2584,869,31-07-2024,Utility bill payment,Utilities,161.54,Credit,27045.81
2585,363,24-05-2024,Doctor visit or medication,Healthcare,-399.73,Debit,26646.08
2586,756,29-02-2024,Utility bill payment,Utilities,89.21,Credit,26735.29
2587,104,30-04-2024,Uber ride or fuel,Transport,239.48,Credit,26974.77
2588,786,15-05-2024,Restaurant bill,Dining Out,-293.69,Debit,26681.08
2589,928,17-05-2024,Restaurant bill,Dining Out,-191.05,Debit,26490.03
2590,276,25-09-2023,Monthly rent payment,Rent,-259.56,Debit,26230.47
2591,701,12-03-2024,Utility bill payment,Utilities,422.72,Credit,26653.19
2592,807,26-03-2024,Grocery shopping,Groceries,170.81,Credit,26824
2593,933,17-04-2024,Transferred to savings account,Savings,-286.66,Debit,26537.34
2594,18,18-02-2024,Movie or concert ticket,Entertainment,-370.71,Debit,26166.63
2595,809,31-01-2024,Utility bill payment,Utilities,-233.25,Debit,25933.38
2596,277,09-03-2024,Monthly rent payment,Rent,-216.01,Debit,25717.37
2597,688,26-11-2023,Uber ride or fuel,Transport,-250.49,Debit,25466.88
2598,331,23-10-2023,Doctor visit or medication,Healthcare,483.84,Credit,25950.72
2599,151,06-03-2024,Monthly rent payment,Rent,94.56,Credit,26045.28
2600,345,20-06-2024,Transferred to savings account,Savings,205.19,Credit,26250.47
2601,804,22-08-2023,Utility bill payment,Utilities,-339.79,Debit,25910.68
2602,460,22-11-2023,Movie or concert ticket,Entertainment,-377.05,Debit,25533.63
2603,921,27-02-2024,Monthly rent payment,Rent,-104.8,Debit,25428.83
2604,505,30-05-2024,Utility bill payment,Utilities,17.38,Credit,25446.21
2605,404,04-09-2023,Restaurant bill,Dining Out,414.82,Credit,25861.03
2606,716,03-04-2024,Movie or concert ticket,Entertainment,-271.72,Debit,25589.31
2607,710,21-03-2024,Grocery shopping,Groceries,356.72,Credit,25946.03
2608,343,21-08-2023,Utility bill payment,Utilities,449.98,Credit,26396.01
2609,612,10-02-2024,Restaurant bill,Dining Out,275.77,Credit,26671.78
2610,745,14-03-2024,Utility bill payment,Utilities,398.39,Credit,27070.17
2611,734,26-05-2024,Transferred to savings account,Savings,215.89,Credit,27286.06
2612,557,05-03-2024,Monthly rent payment,Rent,-208.63,Debit,27077.43
2613,801,14-09-2023,Grocery shopping,Groceries,-144.58,Debit,26932.85
2614,330,16-06-2024,Doctor visit or medication,Healthcare,-27.4,Debit,26905.45
2615,701,13-09-2023,Grocery shopping,Groceries,51.66,Credit,26957.11
2616,322,14-11-2023,Grocery shopping,Groceries,-139.3,Debit,26817.81
2617,275,14-11-2023,Grocery shopping,Groceries,133.37,Credit,26951.18
2618,66,09-06-2024,Doctor visit or medication,Healthcare,354.28,Credit,27305.46
2619,840,30-10-2023,Utility bill payment,Utilities,-452.57,Debit,26852.89
2620,341,07-10-2023,Restaurant bill,Dining Out,403.28,Credit,27256.17
2621,78,22-04-2024,Doctor visit or medication,Healthcare,390.66,Credit,27646.83
2622,681,17-05-2024,Utility bill payment,Utilities,298.43,Credit,27945.26
2623,578,21-09-2023,Utility bill payment,Utilities,99.46,Credit,28044.72
2624,808,22-04-2024,Grocery shopping,Groceries,-310.72,Debit,27734
2625,982,02-07-2024,Transferred to savings account,Savings,218.48,Credit,27952.48
2626,439,30-11-2023,Restaurant bill,Dining Out,45.07,Credit,27997.55
2627,997,21-03-2024,Uber ride or fuel,Transport,214.96,Credit,28212.51
2628,722,30-08-2023,Utility bill payment,Utilities,19.06,Credit,28231.57
2629,286,17-03-2024,Movie or concert ticket,Entertainment,-243.17,Debit,27988.4
2630,651,25-12-2023,Doctor visit or medication,Healthcare,328.43,Credit,28316.83
2631,722,11-10-2023,Utility bill payment,Utilities,216.21,Credit,28533.04
2632,276,03-04-2024,Utility bill payment,Utilities,192.4,Credit,28725.44
2633,891,15-02-2024,Uber ride or fuel,Transport,240.81,Credit,28966.25
2634,216,18-05-2024,Movie or concert ticket,Entertainment,-228.22,Debit,28738.03
2635,556,27-01-2024,Transferred to savings account,Savings,478.62,Credit,29216.65
2636,771,29-11-2023,Grocery shopping,Groceries,-207.14,Debit,29009.51
2637,771,18-02-2024,Transferred to savings account,Savings,-266.7,Debit,28742.81
2638,641,07-01-2024,Utility bill payment,Utilities,-455.28,Debit,28287.53
2639,547,31-03-2024,Grocery shopping,Groceries,219.41,Credit,28506.94
2640,514,17-01-2024,Uber ride or fuel,Transport,-154.19,Debit,28352.75
2641,547,12-07-2024,Restaurant bill,Dining Out,-117.42,Debit,28235.33
2642,308,17-06-2024,Doctor visit or medication,Healthcare,-492.77,Debit,27742.56
2643,419,05-10-2023,Uber ride or fuel,Transport,373.93,Credit,28116.49
2644,687,18-10-2023,Doctor visit or medication,Healthcare,413.86,Credit,28530.35
2645,506,04-03-2024,Grocery shopping,Groceries,271.38,Credit,28801.73
2646,965,07-07-2024,Restaurant bill,Dining Out,-370.32,Debit,28431.41
2647,183,23-10-2023,Restaurant bill,Dining Out,301.05,Credit,28732.46
2648,603,02-08-2024,Uber ride or fuel,Transport,-121.22,Debit,28611.24
2649,268,21-10-2023,Utility bill payment,Utilities,-294.77,Debit,28316.47
2650,504,02-04-2024,Restaurant bill,Dining Out,84.4,Credit,28400.87
2651,520,06-05-2024,Restaurant bill,Dining Out,-490.65,Debit,27910.22
2652,104,03-04-2024,Monthly rent payment,Rent,447.76,Credit,28357.98
2653,135,10-08-2024,Doctor visit or medication,Healthcare,201.28,Credit,28559.26
2654,243,17-05-2024,Doctor visit or medication,Healthcare,495.53,Credit,29054.79
2655,818,04-09-2023,Movie or concert ticket,Entertainment,-435.59,Debit,28619.2
2656,353,17-04-2024,Restaurant bill,Dining Out,-251.13,Debit,28368.07
2657,826,23-11-2023,Restaurant bill,Dining Out,476.61,Credit,28844.68
2658,66,09-03-2024,Transferred to savings account,Savings,-480.18,Debit,28364.5
2659,632,09-11-2023,Movie or concert ticket,Entertainment,-207.04,Debit,28157.46
2660,950,25-09-2023,Movie or concert ticket,Entertainment,490.61,Credit,28648.07
2661,312,01-01-2024,Uber ride or fuel,Transport,-474.24,Debit,28173.83
2662,683,18-07-2024,Utility bill payment,Utilities,-228.52,Debit,27945.31
2663,114,28-05-2024,Monthly rent payment,Rent,-68.02,Debit,27877.29
2664,682,01-02-2024,Grocery shopping,Groceries,41.48,Credit,27918.77
2665,774,14-06-2024,Doctor visit or medication,Healthcare,-427.64,Debit,27491.13
2666,608,04-01-2024,Utility bill payment,Utilities,378.68,Credit,27869.81
2667,161,20-01-2024,Uber ride or fuel,Transport,-338.09,Debit,27531.72
2668,557,29-05-2024,Grocery shopping,Groceries,204.42,Credit,27736.14
2669,719,08-04-2024,Grocery shopping,Groceries,-312.72,Debit,27423.42
2670,548,22-02-2024,Monthly rent payment,Rent,184.22,Credit,27607.64
2671,69,08-03-2024,Transferred to savings account,Savings,102.75,Credit,27710.39
2672,465,05-12-2023,Uber ride or fuel,Transport,89.6,Credit,27799.99
2673,255,31-08-2023,Grocery shopping,Groceries,-115.3,Debit,27684.69
2674,220,22-02-2024,Utility bill payment,Utilities,-138.51,Debit,27546.18
2675,775,29-01-2024,Uber ride or fuel,Transport,-272.57,Debit,27273.61
2676,356,25-01-2024,Movie or concert ticket,Entertainment,-388.24,Debit,26885.37
2677,396,09-03-2024,Monthly rent payment,Rent,256.25,Credit,27141.62
2678,686,30-06-2024,Movie or concert ticket,Entertainment,-218.02,Debit,26923.6
2679,370,22-10-2023,Transferred to savings account,Savings,-53.59,Debit,26870.01
2680,358,11-03-2024,Restaurant bill,Dining Out,-490.3,Debit,26379.71
2681,162,22-05-2024,Doctor visit or medication,Healthcare,494.56,Credit,26874.27
2682,897,11-12-2023,Grocery shopping,Groceries,248.86,Credit,27123.13
2683,106,14-11-2023,Transferred to savings account,Savings,471.22,Credit,27594.35
2684,202,15-05-2024,Restaurant bill,Dining Out,449.01,Credit,28043.36
2685,232,01-08-2024,Uber ride or fuel,Transport,259.3,Credit,28302.66
2686,757,02-02-2024,Doctor visit or medication,Healthcare,-61.09,Debit,28241.57
2687,156,23-10-2023,Uber ride or fuel,Transport,-196.45,Debit,28045.12
2688,588,31-12-2023,Restaurant bill,Dining Out,-461.74,Debit,27583.38
2689,50,02-04-2024,Transferred to savings account,Savings,-365.98,Debit,27217.4
2690,405,30-01-2024,Utility bill payment,Utilities,-411.18,Debit,26806.22
2691,106,30-01-2024,Movie or concert ticket,Entertainment,336.32,Credit,27142.54
2692,509,24-03-2024,Utility bill payment,Utilities,-495.29,Debit,26647.25
2693,244,28-01-2024,Grocery shopping,Groceries,-130.01,Debit,26517.24
2694,694,01-04-2024,Transferred to savings account,Savings,-307.27,Debit,26209.97
2695,275,25-12-2023,Restaurant bill,Dining Out,378.59,Credit,26588.56
2696,20,10-10-2023,Transferred to savings account,Savings,-353.18,Debit,26235.38
2697,587,29-04-2024,Monthly rent payment,Rent,-201.08,Debit,26034.3
2698,36,04-02-2024,Movie or concert ticket,Entertainment,385.22,Credit,26419.52
2699,726,31-03-2024,Utility bill payment,Utilities,87.11,Credit,26506.63
2700,955,25-07-2024,Uber ride or fuel,Transport,131.2,Credit,26637.83
2701,743,18-09-2023,Uber ride or fuel,Transport,66.63,Credit,26704.46
2702,856,07-04-2024,Monthly rent payment,Rent,-284.75,Debit,26419.71
2703,38,02-12-2023,Transferred to savings account,Savings,452.53,Credit,26872.24
2704,498,28-03-2024,Monthly rent payment,Rent,-31.44,Debit,26840.8
2705,338,17-01-2024,Transferred to savings account,Savings,387.62,Credit,27228.42
2706,708,01-05-2024,Uber ride or fuel,Transport,481.26,Credit,27709.68
2707,674,30-12-2023,Doctor visit or medication,Healthcare,27.55,Credit,27737.23
2708,453,08-03-2024,Movie or concert ticket,Entertainment,-76.35,Debit,27660.88
2709,10,27-07-2024,Transferred to savings account,Savings,-283.02,Debit,27377.86
2710,584,26-08-2023,Monthly rent payment,Rent,-20.51,Debit,27357.35
2711,394,14-08-2023,Uber ride or fuel,Transport,-417.92,Debit,26939.43
2712,905,31-03-2024,Monthly rent payment,Rent,177.2,Credit,27116.63
2713,22,12-04-2024,Grocery shopping,Groceries,431.75,Credit,27548.38
2714,516,25-07-2024,Uber ride or fuel,Transport,-490.05,Debit,27058.33
2715,537,10-03-2024,Grocery shopping,Groceries,333.63,Credit,27391.96
2716,288,29-11-2023,Uber ride or fuel,Transport,407.32,Credit,27799.28
2717,272,07-11-2023,Doctor visit or medication,Healthcare,-442.58,Debit,27356.7
2718,995,05-11-2023,Monthly rent payment,Rent,238.49,Credit,27595.19
2719,321,17-07-2024,Grocery shopping,Groceries,-333.89,Debit,27261.3
2720,715,15-02-2024,Monthly rent payment,Rent,464.66,Credit,27725.96
2721,816,12-08-2024,Restaurant bill,Dining Out,467.25,Credit,28193.21
2722,852,08-10-2023,Grocery shopping,Groceries,-91.15,Debit,28102.06
2723,595,14-02-2024,Utility bill payment,Utilities,197.78,Credit,28299.84
2724,873,18-04-2024,Utility bill payment,Utilities,-423.57,Debit,27876.27
2725,516,18-04-2024,Uber ride or fuel,Transport,369.68,Credit,28245.95
2726,252,13-03-2024,Utility bill payment,Utilities,-325.71,Debit,27920.24
2727,142,24-12-2023,Doctor visit or medication,Healthcare,190.09,Credit,28110.33
2728,164,22-02-2024,Utility bill payment,Utilities,-65.73,Debit,28044.6
2729,803,28-06-2024,Uber ride or fuel,Transport,-124.49,Debit,27920.11
2730,734,13-04-2024,Restaurant bill,Dining Out,-461.77,Debit,27458.34
2731,323,26-06-2024,Monthly rent payment,Rent,12.58,Credit,27470.92
2732,857,29-12-2023,Transferred to savings account,Savings,-67.17,Debit,27403.75
2733,710,12-01-2024,Doctor visit or medication,Healthcare,-295.76,Debit,27107.99
2734,4,19-02-2024,Utility bill payment,Utilities,166.18,Credit,27274.17
2735,54,09-08-2024,Transferred to savings account,Savings,-244.47,Debit,27029.7
2736,731,03-01-2024,Monthly rent payment,Rent,-406.21,Debit,26623.49
2737,124,06-06-2024,Utility bill payment,Utilities,-57.04,Debit,26566.45
2738,290,07-11-2023,Utility bill payment,Utilities,422.93,Credit,26989.38
2739,225,23-08-2023,Uber ride or fuel,Transport,-427.65,Debit,26561.73
2740,28,28-02-2024,Uber ride or fuel,Transport,-437.19,Debit,26124.54
2741,973,02-03-2024,Restaurant bill,Dining Out,-101.15,Debit,26023.39
2742,76,18-12-2023,Doctor visit or medication,Healthcare,-251.19,Debit,25772.2
2743,464,08-06-2024,Transferred to savings account,Savings,-26.25,Debit,25745.95
2744,406,21-02-2024,Uber ride or fuel,Transport,322.23,Credit,26068.18
2745,268,16-05-2024,Restaurant bill,Dining Out,77.82,Credit,26146
2746,646,30-09-2023,Uber ride or fuel,Transport,91.25,Credit,26237.25
2747,584,14-04-2024,Uber ride or fuel,Transport,418.3,Credit,26655.55
2748,968,05-03-2024,Movie or concert ticket,Entertainment,-128.73,Debit,26526.82
2749,306,18-07-2024,Monthly rent payment,Rent,341.84,Credit,26868.66
2750,970,21-03-2024,Movie or concert ticket,Entertainment,-495.39,Debit,26373.27
2751,750,08-01-2024,Monthly rent payment,Rent,178.36,Credit,26551.63
2752,516,16-02-2024,Transferred to savings account,Savings,-87.43,Debit,26464.2
2753,938,02-11-2023,Restaurant bill,Dining Out,-93.75,Debit,26370.45
2754,378,30-11-2023,Doctor visit or medication,Healthcare,143.09,Credit,26513.54
2755,83,04-04-2024,Grocery shopping,Groceries,253.24,Credit,26766.78
2756,931,18-03-2024,Movie or concert ticket,Entertainment,378.2,Credit,27144.98
2757,323,05-11-2023,Grocery shopping,Groceries,-147.79,Debit,26997.19
2758,980,22-12-2023,Monthly rent payment,Rent,-121.51,Debit,26875.68
2759,343,24-10-2023,Restaurant bill,Dining Out,-93.25,Debit,26782.43
2760,561,02-03-2024,Monthly rent payment,Rent,35.01,Credit,26817.44
2761,774,08-02-2024,Uber ride or fuel,Transport,367.76,Credit,27185.2
2762,522,28-05-2024,Transferred to savings account,Savings,-339.53,Debit,26845.67
2763,223,22-02-2024,Transferred to savings account,Savings,-144.87,Debit,26700.8
2764,931,29-09-2023,Utility bill payment,Utilities,54.27,Credit,26755.07
2765,721,10-03-2024,Doctor visit or medication,Healthcare,212.55,Credit,26967.62
2766,236,30-07-2024,Monthly rent payment,Rent,-115.72,Debit,26851.9
2767,654,03-01-2024,Uber ride or fuel,Transport,-302.07,Debit,26549.83
2768,734,29-02-2024,Uber ride or fuel,Transport,-276.52,Debit,26273.31
2769,563,30-04-2024,Movie or concert ticket,Entertainment,-319.93,Debit,25953.38
2770,563,14-06-2024,Restaurant bill,Dining Out,44.42,Credit,25997.8
2771,561,19-07-2024,Grocery shopping,Groceries,-358.53,Debit,25639.27
2772,893,05-11-2023,Utility bill payment,Utilities,-415.42,Debit,25223.85
2773,590,18-12-2023,Grocery shopping,Groceries,343.59,Credit,25567.44
2774,29,12-01-2024,Restaurant bill,Dining Out,-294.02,Debit,25273.42
2775,345,29-07-2024,Monthly rent payment,Rent,6.08,Credit,25279.5
2776,127,04-02-2024,Doctor visit or medication,Healthcare,-283.01,Debit,24996.49
2777,105,06-03-2024,Utility bill payment,Utilities,50.04,Credit,25046.53
2778,248,20-04-2024,Uber ride or fuel,Transport,-285.64,Debit,24760.89
2779,718,11-11-2023,Monthly rent payment,Rent,310.44,Credit,25071.33
2780,744,02-09-2023,Monthly rent payment,Rent,-295.85,Debit,24775.48
2781,168,27-10-2023,Transferred to savings account,Savings,-374.07,Debit,24401.41
2782,724,31-12-2023,Restaurant bill,Dining Out,405.42,Credit,24806.83
2783,639,28-03-2024,Movie or concert ticket,Entertainment,235.48,Credit,25042.31
2784,553,24-07-2024,Transferred to savings account,Savings,298,Credit,25340.31
2785,265,11-02-2024,Utility bill payment,Utilities,-190.36,Debit,25149.95
2786,424,10-12-2023,Restaurant bill,Dining Out,400.28,Credit,25550.23
2787,647,25-09-2023,Uber ride or fuel,Transport,144.09,Credit,25694.32
2788,470,02-06-2024,Uber ride or fuel,Transport,-138.92,Debit,25555.4
2789,796,23-11-2023,Utility bill payment,Utilities,428.09,Credit,25983.49
2790,414,02-02-2024,Doctor visit or medication,Healthcare,-192.51,Debit,25790.98
2791,587,29-01-2024,Grocery shopping,Groceries,448.05,Credit,26239.03
2792,740,15-04-2024,Uber ride or fuel,Transport,-62.68,Debit,26176.35
2793,483,15-10-2023,Uber ride or fuel,Transport,-217.18,Debit,25959.17
2794,998,15-09-2023,Transferred to savings account,Savings,95.09,Credit,26054.26
2795,692,11-03-2024,Grocery shopping,Groceries,449.31,Credit,26503.57
2796,829,06-06-2024,Movie or concert ticket,Entertainment,-111.87,Debit,26391.7
2797,870,11-08-2024,Grocery shopping,Groceries,-191.19,Debit,26200.51
2798,576,10-06-2024,Movie or concert ticket,Entertainment,-215.16,Debit,25985.35
2799,528,06-02-2024,Movie or concert ticket,Entertainment,138.5,Credit,26123.85
2800,716,14-02-2024,Grocery shopping,Groceries,-21.48,Debit,26102.37
2801,80,22-05-2024,Restaurant bill,Dining Out,434.42,Credit,26536.79
2802,918,12-11-2023,Monthly rent payment,Rent,408.26,Credit,26945.05
2803,470,31-03-2024,Grocery shopping,Groceries,106.86,Credit,27051.91
2804,614,10-12-2023,Restaurant bill,Dining Out,276.79,Credit,27328.7
2805,625,12-01-2024,Utility bill payment,Utilities,307.33,Credit,27636.03
2806,317,26-11-2023,Uber ride or fuel,Transport,-205.5,Debit,27430.53
2807,575,08-01-2024,Movie or concert ticket,Entertainment,-217.14,Debit,27213.39
2808,303,26-02-2024,Movie or concert ticket,Entertainment,-428.58,Debit,26784.81
2809,995,27-08-2023,Grocery shopping,Groceries,-419.18,Debit,26365.63
2810,723,21-12-2023,Monthly rent payment,Rent,-183.91,Debit,26181.72
2811,266,06-10-2023,Restaurant bill,Dining Out,-151.27,Debit,26030.45
2812,434,16-04-2024,Monthly rent payment,Rent,353.16,Credit,26383.61
2813,921,11-01-2024,Transferred to savings account,Savings,456.54,Credit,26840.15
2814,947,24-03-2024,Monthly rent payment,Rent,6.56,Credit,26846.71
2815,736,10-09-2023,Grocery shopping,Groceries,134.35,Credit,26981.06
2816,571,22-12-2023,Doctor visit or medication,Healthcare,171.97,Credit,27153.03
2817,885,23-01-2024,Utility bill payment,Utilities,-203.2,Debit,26949.83
2818,655,14-02-2024,Grocery shopping,Groceries,456.22,Credit,27406.05
2819,206,08-03-2024,Utility bill payment,Utilities,-289.59,Debit,27116.46
2820,177,10-05-2024,Transferred to savings account,Savings,-69.59,Debit,27046.87
2821,563,28-07-2024,Utility bill payment,Utilities,154.12,Credit,27200.99
2822,292,11-12-2023,Restaurant bill,Dining Out,-439.09,Debit,26761.9
2823,398,13-07-2024,Grocery shopping,Groceries,134.99,Credit,26896.89
2824,797,08-08-2024,Uber ride or fuel,Transport,341.14,Credit,27238.03
2825,412,03-10-2023,Restaurant bill,Dining Out,-254.91,Debit,26983.12
2826,557,08-01-2024,Doctor visit or medication,Healthcare,-245.05,Debit,26738.07
2827,803,23-05-2024,Grocery shopping,Groceries,-164.89,Debit,26573.18
2828,171,08-02-2024,Transferred to savings account,Savings,-443.46,Debit,26129.72
2829,37,23-10-2023,Uber ride or fuel,Transport,-491.95,Debit,25637.77
2830,811,19-04-2024,Uber ride or fuel,Transport,-30,Debit,25607.77
2831,402,21-02-2024,Monthly rent payment,Rent,158.78,Credit,25766.55
2832,536,03-10-2023,Movie or concert ticket,Entertainment,-450.58,Debit,25315.97
2833,530,22-03-2024,Grocery shopping,Groceries,-485.07,Debit,24830.9
2834,413,26-02-2024,Monthly rent payment,Rent,354.87,Credit,25185.77
2835,697,20-01-2024,Monthly rent payment,Rent,-300.39,Debit,24885.38
2836,895,07-11-2023,Uber ride or fuel,Transport,118.32,Credit,25003.7
2837,548,30-07-2024,Restaurant bill,Dining Out,129.98,Credit,25133.68
2838,5,14-11-2023,Utility bill payment,Utilities,-447.13,Debit,24686.55
2839,348,25-09-2023,Utility bill payment,Utilities,43.14,Credit,24729.69
2840,304,24-03-2024,Uber ride or fuel,Transport,-28.26,Debit,24701.43
2841,96,23-09-2023,Grocery shopping,Groceries,-420.8,Debit,24280.63
2842,398,05-02-2024,Movie or concert ticket,Entertainment,430.84,Credit,24711.47
2843,209,26-04-2024,Restaurant bill,Dining Out,285.29,Credit,24996.76
2844,506,01-05-2024,Doctor visit or medication,Healthcare,252.48,Credit,25249.24
2845,134,03-02-2024,Restaurant bill,Dining Out,302.13,Credit,25551.37
2846,287,02-07-2024,Doctor visit or medication,Healthcare,229.28,Credit,25780.65
2847,729,15-06-2024,Grocery shopping,Groceries,-132.85,Debit,25647.8
2848,888,18-06-2024,Monthly rent payment,Rent,96.17,Credit,25743.97
2849,767,01-03-2024,Restaurant bill,Dining Out,289.4,Credit,26033.37
2850,201,19-03-2024,Monthly rent payment,Rent,383.17,Credit,26416.54
2851,487,10-08-2024,Utility bill payment,Utilities,-469.79,Debit,25946.75
2852,61,23-02-2024,Uber ride or fuel,Transport,-298.69,Debit,25648.06
2853,489,02-12-2023,Grocery shopping,Groceries,13.59,Credit,25661.65
2854,993,09-04-2024,Grocery shopping,Groceries,-437.49,Debit,25224.16
2855,758,30-03-2024,Grocery shopping,Groceries,-398.89,Debit,24825.27
2856,272,12-12-2023,Grocery shopping,Groceries,315.71,Credit,25140.98
2857,124,17-04-2024,Monthly rent payment,Rent,228.47,Credit,25369.45
2858,357,07-07-2024,Uber ride or fuel,Transport,176.68,Credit,25546.13
2859,807,09-03-2024,Uber ride or fuel,Transport,492.83,Credit,26038.96
2860,626,23-02-2024,Transferred to savings account,Savings,342.8,Credit,26381.76
2861,606,21-10-2023,Doctor visit or medication,Healthcare,-152.4,Debit,26229.36
2862,201,04-09-2023,Movie or concert ticket,Entertainment,252.67,Credit,26482.03
2863,33,20-05-2024,Uber ride or fuel,Transport,-453.86,Debit,26028.17
2864,47,30-09-2023,Movie or concert ticket,Entertainment,-130.26,Debit,25897.91
2865,285,14-10-2023,Monthly rent payment,Rent,204.14,Credit,26102.05
2866,682,05-05-2024,Utility bill payment,Utilities,47.74,Credit,26149.79
2867,45,28-06-2024,Movie or concert ticket,Entertainment,260.9,Credit,26410.69
2868,977,10-06-2024,Uber ride or fuel,Transport,-386.37,Debit,26024.32
2869,358,21-11-2023,Uber ride or fuel,Transport,391.37,Credit,26415.69
2870,615,03-08-2024,Doctor visit or medication,Healthcare,66.14,Credit,26481.83
2871,750,01-08-2024,Utility bill payment,Utilities,424.3,Credit,26906.13
2872,567,21-06-2024,Grocery shopping,Groceries,495.26,Credit,27401.39
2873,771,09-09-2023,Doctor visit or medication,Healthcare,272.8,Credit,27674.19
2874,727,12-05-2024,Movie or concert ticket,Entertainment,394.42,Credit,28068.61
2875,522,04-10-2023,Transferred to savings account,Savings,461.06,Credit,28529.67
2876,100,24-01-2024,Grocery shopping,Groceries,321.22,Credit,28850.89
2877,344,13-07-2024,Transferred to savings account,Savings,100.63,Credit,28951.52
2878,399,21-11-2023,Grocery shopping,Groceries,409.44,Credit,29360.96
2879,959,09-10-2023,Restaurant bill,Dining Out,63.78,Credit,29424.74
2880,805,03-11-2023,Monthly rent payment,Rent,-164.26,Debit,29260.48
2881,108,03-07-2024,Transferred to savings account,Savings,363.67,Credit,29624.15
2882,493,27-04-2024,Transferred to savings account,Savings,-467.53,Debit,29156.62
2883,240,22-10-2023,Transferred to savings account,Savings,-50.64,Debit,29105.98
2884,95,18-05-2024,Uber ride or fuel,Transport,418.36,Credit,29524.34
2885,520,27-10-2023,Grocery shopping,Groceries,-397.93,Debit,29126.41
2886,822,09-08-2024,Monthly rent payment,Rent,448.42,Credit,29574.83
2887,423,11-05-2024,Restaurant bill,Dining Out,399.95,Credit,29974.78
2888,428,17-07-2024,Transferred to savings account,Savings,8.84,Credit,29983.62
2889,7,27-02-2024,Transferred to savings account,Savings,-84.99,Debit,29898.63
2890,913,22-12-2023,Grocery shopping,Groceries,84.91,Credit,29983.54
2891,297,10-10-2023,Grocery shopping,Groceries,-361.83,Debit,29621.71
2892,293,20-05-2024,Monthly rent payment,Rent,146.79,Credit,29768.5
2893,802,27-06-2024,Doctor visit or medication,Healthcare,495.81,Credit,30264.31
2894,816,17-05-2024,Transferred to savings account,Savings,281.57,Credit,30545.88
2895,837,25-12-2023,Uber ride or fuel,Transport,-59.41,Debit,30486.47
2896,891,08-12-2023,Restaurant bill,Dining Out,-65.21,Debit,30421.26
2897,357,04-07-2024,Grocery shopping,Groceries,461.77,Credit,30883.03
2898,342,06-04-2024,Uber ride or fuel,Transport,256.17,Credit,31139.2
2899,369,03-01-2024,Transferred to savings account,Savings,-201.23,Debit,30937.97
2900,624,30-06-2024,Uber ride or fuel,Transport,-125.59,Debit,30812.38
2901,340,12-04-2024,Transferred to savings account,Savings,405.29,Credit,31217.67
2902,627,30-01-2024,Utility bill payment,Utilities,-404.87,Debit,30812.8
2903,236,27-09-2023,Uber ride or fuel,Transport,487.75,Credit,31300.55
2904,233,01-08-2024,Monthly rent payment,Rent,-182.27,Debit,31118.28
2905,154,18-05-2024,Monthly rent payment,Rent,227.08,Credit,31345.36
2906,892,24-07-2024,Grocery shopping,Groceries,-24.19,Debit,31321.17
2907,505,25-10-2023,Restaurant bill,Dining Out,-179.66,Debit,31141.51
2908,801,26-12-2023,Monthly rent payment,Rent,215.94,Credit,31357.45
2909,365,28-02-2024,Monthly rent payment,Rent,-269.98,Debit,31087.47
2910,87,18-02-2024,Utility bill payment,Utilities,-273.04,Debit,30814.43
2911,525,13-05-2024,Monthly rent payment,Rent,-488.03,Debit,30326.4
2912,907,21-11-2023,Grocery shopping,Groceries,-358.41,Debit,29967.99
2913,334,27-07-2024,Uber ride or fuel,Transport,114.32,Credit,30082.31
2914,364,20-01-2024,Restaurant bill,Dining Out,-170.96,Debit,29911.35
2915,443,23-04-2024,Transferred to savings account,Savings,334.1,Credit,30245.45
2916,903,06-01-2024,Monthly rent payment,Rent,-493.05,Debit,29752.4
2917,442,29-01-2024,Movie or concert ticket,Entertainment,-192.93,Debit,29559.47
2918,835,07-03-2024,Uber ride or fuel,Transport,289.52,Credit,29848.99
2919,909,20-08-2023,Grocery shopping,Groceries,232.03,Credit,30081.02
2920,131,20-06-2024,Doctor visit or medication,Healthcare,-245.97,Debit,29835.05
2921,711,19-12-2023,Utility bill payment,Utilities,-197.42,Debit,29637.63
2922,323,23-08-2023,Uber ride or fuel,Transport,378.82,Credit,30016.45
2923,354,16-11-2023,Utility bill payment,Utilities,-304.26,Debit,29712.19
2924,844,21-01-2024,Restaurant bill,Dining Out,-45.48,Debit,29666.71
2925,576,12-11-2023,Restaurant bill,Dining Out,-388.67,Debit,29278.04
2926,326,03-05-2024,Utility bill payment,Utilities,-485.35,Debit,28792.69
2927,257,01-12-2023,Restaurant bill,Dining Out,295.59,Credit,29088.28
2928,155,23-05-2024,Utility bill payment,Utilities,32.08,Credit,29120.36
2929,497,25-09-2023,Uber ride or fuel,Transport,-474.25,Debit,28646.11
2930,149,25-05-2024,Grocery shopping,Groceries,277.05,Credit,28923.16
2931,506,16-05-2024,Monthly rent payment,Rent,-186.11,Debit,28737.05
2932,17,01-12-2023,Doctor visit or medication,Healthcare,161.62,Credit,28898.67
2933,885,30-12-2023,Utility bill payment,Utilities,364.35,Credit,29263.02
2934,49,12-12-2023,Monthly rent payment,Rent,263.41,Credit,29526.43
2935,538,28-06-2024,Restaurant bill,Dining Out,-327.23,Debit,29199.2
2936,181,06-07-2024,Grocery shopping,Groceries,-157.08,Debit,29042.12
2937,793,11-12-2023,Movie or concert ticket,Entertainment,-219.22,Debit,28822.9
2938,22,20-04-2024,Movie or concert ticket,Entertainment,-497.36,Debit,28325.54
2939,900,13-08-2023,Movie or concert ticket,Entertainment,439,Credit,28764.54
2940,860,26-02-2024,Grocery shopping,Groceries,294.07,Credit,29058.61
2941,26,13-08-2023,Utility bill payment,Utilities,-171.9,Debit,28886.71
2942,54,26-05-2024,Monthly rent payment,Rent,-133.92,Debit,28752.79
2943,509,13-01-2024,Utility bill payment,Utilities,131.57,Credit,28884.36
2944,741,26-09-2023,Transferred to savings account,Savings,-192.55,Debit,28691.81
2945,854,24-01-2024,Doctor visit or medication,Healthcare,468.72,Credit,29160.53
2946,49,31-07-2024,Transferred to savings account,Savings,-49.17,Debit,29111.36
2947,555,20-09-2023,Transferred to savings account,Savings,85.12,Credit,29196.48
2948,77,23-08-2023,Doctor visit or medication,Healthcare,452.69,Credit,29649.17
2949,485,17-08-2023,Grocery shopping,Groceries,-8.5,Debit,29640.67
2950,263,27-06-2024,Transferred to savings account,Savings,373.37,Credit,30014.04
2951,136,09-04-2024,Monthly rent payment,Rent,10.43,Credit,30024.47
2952,79,16-01-2024,Transferred to savings account,Savings,171.11,Credit,30195.58
2953,918,03-02-2024,Movie or concert ticket,Entertainment,-68.16,Debit,30127.42
2954,483,25-12-2023,Grocery shopping,Groceries,454.22,Credit,30581.64
2955,66,16-09-2023,Restaurant bill,Dining Out,315.04,Credit,30896.68
2956,30,19-07-2024,Uber ride or fuel,Transport,-320.13,Debit,30576.55
2957,574,31-01-2024,Transferred to savings account,Savings,-233.72,Debit,30342.83
2958,981,06-04-2024,Uber ride or fuel,Transport,-188.91,Debit,30153.92
2959,618,25-05-2024,Uber ride or fuel,Transport,104.48,Credit,30258.4
2960,139,26-09-2023,Utility bill payment,Utilities,-131.45,Debit,30126.95
2961,842,29-04-2024,Monthly rent payment,Rent,-347.78,Debit,29779.17
2962,102,18-01-2024,Restaurant bill,Dining Out,-11.14,Debit,29768.03
2963,577,22-05-2024,Movie or concert ticket,Entertainment,417.25,Credit,30185.28
2964,493,24-11-2023,Restaurant bill,Dining Out,-331.44,Debit,29853.84
2965,170,05-11-2023,Movie or concert ticket,Entertainment,-341.84,Debit,29512
2966,832,16-11-2023,Transferred to savings account,Savings,-314.97,Debit,29197.03
2967,521,03-02-2024,Utility bill payment,Utilities,-198.5,Debit,28998.53
2968,590,04-04-2024,Uber ride or fuel,Transport,-30.75,Debit,28967.78
2969,705,29-10-2023,Transferred to savings account,Savings,206.44,Credit,29174.22
2970,92,29-07-2024,Monthly rent payment,Rent,187.04,Credit,29361.26
2971,535,24-03-2024,Transferred to savings account,Savings,430.3,Credit,29791.56
2972,391,15-04-2024,Utility bill payment,Utilities,-233.5,Debit,29558.06
2973,60,16-11-2023,Doctor visit or medication,Healthcare,-55.88,Debit,29502.18
2974,833,25-05-2024,Monthly rent payment,Rent,-109.77,Debit,29392.41
2975,942,26-01-2024,Grocery shopping,Groceries,445.35,Credit,29837.76
2976,926,17-11-2023,Grocery shopping,Groceries,477.58,Credit,30315.34
2977,664,30-01-2024,Doctor visit or medication,Healthcare,431.08,Credit,30746.42
2978,73,03-11-2023,Grocery shopping,Groceries,433.31,Credit,31179.73
2979,686,03-09-2023,Grocery shopping,Groceries,392.71,Credit,31572.44
2980,870,14-04-2024,Transferred to savings account,Savings,171.7,Credit,31744.14
2981,908,03-10-2023,Restaurant bill,Dining Out,424.76,Credit,32168.9
2982,466,01-05-2024,Utility bill payment,Utilities,415.41,Credit,32584.31
2983,125,12-10-2023,Utility bill payment,Utilities,-284.41,Debit,32299.9
2984,25,31-03-2024,Utility bill payment,Utilities,296.44,Credit,32596.34
2985,351,13-08-2023,Restaurant bill,Dining Out,-114.59,Debit,32481.75
2986,700,13-08-2023,Restaurant bill,Dining Out,312.73,Credit,32794.48
2987,542,30-07-2024,Utility bill payment,Utilities,-17.92,Debit,32776.56
2988,325,19-06-2024,Uber ride or fuel,Transport,374.66,Credit,33151.22
2989,895,30-05-2024,Utility bill payment,Utilities,-490.26,Debit,32660.96
2990,890,22-06-2024,Restaurant bill,Dining Out,-94.08,Debit,32566.88
2991,809,08-02-2024,Grocery shopping,Groceries,-246.72,Debit,32320.16
2992,632,19-06-2024,Uber ride or fuel,Transport,-292.1,Debit,32028.06
2993,487,16-09-2023,Utility bill payment,Utilities,121.91,Credit,32149.97
2994,964,18-07-2024,Movie or concert ticket,Entertainment,-118.01,Debit,32031.96
2995,330,12-09-2023,Uber ride or fuel,Transport,-115.92,Debit,31916.04
2996,498,22-12-2023,Transferred to savings account,Savings,-405.17,Debit,31510.87
2997,202,09-02-2024,Doctor visit or medication,Healthcare,-400.67,Debit,31110.2
2998,457,16-01-2024,Utility bill payment,Utilities,294.1,Credit,31404.3
2999,773,14-12-2023,Doctor visit or medication,Healthcare,306.47,Credit,31710.77
3000,800,12-03-2024,Monthly rent payment,Rent,459.33,Credit,32170.1
3001,848,05-07-2024,Utility bill payment,Utilities,305.05,Credit,32475.15
3002,671,20-04-2024,Doctor visit or medication,Healthcare,-260.21,Debit,32214.94
3003,84,03-12-2023,Doctor visit or medication,Healthcare,352.63,Credit,32567.57
3004,995,03-07-2024,Monthly rent payment,Rent,-343.95,Debit,32223.62
3005,357,06-12-2023,Grocery shopping,Groceries,-137.33,Debit,32086.29
3006,839,22-04-2024,Doctor visit or medication,Healthcare,189.31,Credit,32275.6
3007,628,16-07-2024,Uber ride or fuel,Transport,256.68,Credit,32532.28
3008,879,14-07-2024,Monthly rent payment,Rent,-427.75,Debit,32104.53
3009,16,11-10-2023,Movie or concert ticket,Entertainment,122.92,Credit,32227.45
3010,339,05-07-2024,Monthly rent payment,Rent,-114.85,Debit,32112.6
3011,488,29-03-2024,Restaurant bill,Dining Out,-282.52,Debit,31830.08
3012,610,26-08-2023,Utility bill payment,Utilities,309.83,Credit,32139.91
3013,856,15-09-2023,Utility bill payment,Utilities,7.64,Credit,32147.55
3014,965,31-07-2024,Doctor visit or medication,Healthcare,341.57,Credit,32489.12
3015,286,22-02-2024,Movie or concert ticket,Entertainment,38.73,Credit,32527.85
3016,494,26-01-2024,Doctor visit or medication,Healthcare,168.57,Credit,32696.42
3017,740,21-05-2024,Movie or concert ticket,Entertainment,-350.85,Debit,32345.57
3018,875,04-03-2024,Movie or concert ticket,Entertainment,168.18,Credit,32513.75
3019,820,16-01-2024,Monthly rent payment,Rent,-444.59,Debit,32069.16
3020,168,21-12-2023,Uber ride or fuel,Transport,71.95,Credit,32141.11
3021,975,28-08-2023,Uber ride or fuel,Transport,85.15,Credit,32226.26
3022,794,15-02-2024,Monthly rent payment,Rent,14.27,Credit,32240.53
3023,671,18-04-2024,Grocery shopping,Groceries,-353.78,Debit,31886.75
3024,735,12-05-2024,Restaurant bill,Dining Out,101.99,Credit,31988.74
3025,787,12-09-2023,Doctor visit or medication,Healthcare,-271.68,Debit,31717.06
3026,702,31-10-2023,Movie or concert ticket,Entertainment,-243.67,Debit,31473.39
3027,998,06-01-2024,Grocery shopping,Groceries,278.94,Credit,31752.33
3028,362,09-05-2024,Grocery shopping,Groceries,482.91,Credit,32235.24
3029,12,09-03-2024,Transferred to savings account,Savings,495.48,Credit,32730.72
3030,135,10-04-2024,Utility bill payment,Utilities,-116.53,Debit,32614.19
3031,600,28-05-2024,Uber ride or fuel,Transport,300.47,Credit,32914.66
3032,698,24-09-2023,Monthly rent payment,Rent,-70.73,Debit,32843.93
3033,354,08-10-2023,Utility bill payment,Utilities,474.16,Credit,33318.09
3034,512,28-05-2024,Movie or concert ticket,Entertainment,251.16,Credit,33569.25
3035,915,19-03-2024,Utility bill payment,Utilities,-319.21,Debit,33250.04
3036,2,29-04-2024,Utility bill payment,Utilities,-53.62,Debit,33196.42
3037,18,17-01-2024,Restaurant bill,Dining Out,-115.42,Debit,33081
3038,204,16-10-2023,Utility bill payment,Utilities,-396.99,Debit,32684.01
3039,932,20-10-2023,Grocery shopping,Groceries,197.05,Credit,32881.06
3040,437,04-10-2023,Grocery shopping,Groceries,303.17,Credit,33184.23
3041,112,16-08-2023,Monthly rent payment,Rent,39.12,Credit,33223.35
3042,813,03-03-2024,Monthly rent payment,Rent,410.76,Credit,33634.11
3043,726,28-02-2024,Utility bill payment,Utilities,433.72,Credit,34067.83
3044,260,01-02-2024,Monthly rent payment,Rent,44.04,Credit,34111.87
3045,989,25-11-2023,Doctor visit or medication,Healthcare,361.99,Credit,34473.86
3046,980,05-01-2024,Utility bill payment,Utilities,266.03,Credit,34739.89
3047,264,03-04-2024,Uber ride or fuel,Transport,181.33,Credit,34921.22
3048,15,19-01-2024,Grocery shopping,Groceries,-351.43,Debit,34569.79
3049,493,14-10-2023,Restaurant bill,Dining Out,241.05,Credit,34810.84
3050,167,29-01-2024,Doctor visit or medication,Healthcare,135.37,Credit,34946.21
3051,792,28-08-2023,Monthly rent payment,Rent,5.1,Credit,34951.31
3052,944,04-11-2023,Restaurant bill,Dining Out,445.42,Credit,35396.73
3053,919,06-11-2023,Movie or concert ticket,Entertainment,27.34,Credit,35424.07
3054,475,05-06-2024,Movie or concert ticket,Entertainment,-227.65,Debit,35196.42
3055,742,17-05-2024,Monthly rent payment,Rent,-62.59,Debit,35133.83
3056,332,18-08-2023,Uber ride or fuel,Transport,-378.14,Debit,34755.69
3057,115,03-03-2024,Monthly rent payment,Rent,157.72,Credit,34913.41
3058,202,13-04-2024,Monthly rent payment,Rent,65.55,Credit,34978.96
3059,365,22-03-2024,Monthly rent payment,Rent,-255.27,Debit,34723.69
3060,919,21-03-2024,Uber ride or fuel,Transport,-129.04,Debit,34594.65
3061,663,06-05-2024,Restaurant bill,Dining Out,-56.87,Debit,34537.78
3062,91,16-07-2024,Restaurant bill,Dining Out,-85.28,Debit,34452.5
3063,378,11-05-2024,Grocery shopping,Groceries,-201.01,Debit,34251.49
3064,616,08-07-2024,Monthly rent payment,Rent,336.96,Credit,34588.45
3065,437,01-07-2024,Transferred to savings account,Savings,-288.74,Debit,34299.71
3066,593,28-02-2024,Restaurant bill,Dining Out,408.64,Credit,34708.35
3067,373,17-04-2024,Movie or concert ticket,Entertainment,8.27,Credit,34716.62
3068,495,01-03-2024,Utility bill payment,Utilities,-16.31,Debit,34700.31
3069,704,18-01-2024,Doctor visit or medication,Healthcare,461.37,Credit,35161.68
3070,162,30-11-2023,Uber ride or fuel,Transport,125.04,Credit,35286.72
3071,966,08-11-2023,Grocery shopping,Groceries,376.07,Credit,35662.79
3072,418,06-02-2024,Transferred to savings account,Savings,-271.96,Debit,35390.83
3073,540,27-02-2024,Utility bill payment,Utilities,394.59,Credit,35785.42
3074,63,01-11-2023,Uber ride or fuel,Transport,-252.64,Debit,35532.78
3075,212,01-02-2024,Uber ride or fuel,Transport,288.05,Credit,35820.83
3076,173,06-05-2024,Utility bill payment,Utilities,-15.43,Debit,35805.4
3077,107,12-08-2024,Transferred to savings account,Savings,-356.55,Debit,35448.85
3078,499,09-10-2023,Grocery shopping,Groceries,-468.82,Debit,34980.03
3079,117,15-02-2024,Grocery shopping,Groceries,-62.49,Debit,34917.54
3080,124,22-06-2024,Doctor visit or medication,Healthcare,277.76,Credit,35195.3
3081,362,27-12-2023,Utility bill payment,Utilities,-21.52,Debit,35173.78
3082,538,22-01-2024,Grocery shopping,Groceries,200.62,Credit,35374.4
3083,821,22-11-2023,Monthly rent payment,Rent,-21.83,Debit,35352.57
3084,440,09-05-2024,Movie or concert ticket,Entertainment,-288.41,Debit,35064.16
3085,709,14-01-2024,Doctor visit or medication,Healthcare,360.9,Credit,35425.06
3086,776,03-09-2023,Utility bill payment,Utilities,373.8,Credit,35798.86
3087,924,16-05-2024,Grocery shopping,Groceries,-306.38,Debit,35492.48
3088,455,26-04-2024,Restaurant bill,Dining Out,-230.49,Debit,35261.99
3089,76,23-01-2024,Utility bill payment,Utilities,-451.2,Debit,34810.79
3090,138,31-08-2023,Uber ride or fuel,Transport,157.04,Credit,34967.83
3091,91,17-10-2023,Monthly rent payment,Rent,-359.27,Debit,34608.56
3092,498,19-09-2023,Transferred to savings account,Savings,112.97,Credit,34721.53
3093,163,13-08-2023,Doctor visit or medication,Healthcare,-128.31,Debit,34593.22
3094,668,20-07-2024,Utility bill payment,Utilities,-148.15,Debit,34445.07
3095,344,12-05-2024,Monthly rent payment,Rent,-316.53,Debit,34128.54
3096,241,09-06-2024,Movie or concert ticket,Entertainment,-129.72,Debit,33998.82
3097,847,13-11-2023,Restaurant bill,Dining Out,45.95,Credit,34044.77
3098,737,21-10-2023,Utility bill payment,Utilities,195.14,Credit,34239.91
3099,537,13-04-2024,Movie or concert ticket,Entertainment,-259.2,Debit,33980.71
3100,146,27-09-2023,Restaurant bill,Dining Out,-43.07,Debit,33937.64
3101,122,18-05-2024,Restaurant bill,Dining Out,284.03,Credit,34221.67
3102,542,22-02-2024,Restaurant bill,Dining Out,-34.56,Debit,34187.11
3103,395,27-06-2024,Doctor visit or medication,Healthcare,-285.39,Debit,33901.72
3104,51,10-04-2024,Movie or concert ticket,Entertainment,490.95,Credit,34392.67
3105,770,03-05-2024,Doctor visit or medication,Healthcare,-128.3,Debit,34264.37
3106,23,30-11-2023,Transferred to savings account,Savings,-229.97,Debit,34034.4
3107,416,16-09-2023,Utility bill payment,Utilities,-460.99,Debit,33573.41
3108,1000,12-12-2023,Uber ride or fuel,Transport,243.47,Credit,33816.88
3109,869,28-07-2024,Doctor visit or medication,Healthcare,68.85,Credit,33885.73
3110,594,30-12-2023,Grocery shopping,Groceries,161.01,Credit,34046.74
3111,730,10-05-2024,Monthly rent payment,Rent,405.48,Credit,34452.22
3112,868,13-04-2024,Movie or concert ticket,Entertainment,245.57,Credit,34697.79
3113,38,14-01-2024,Monthly rent payment,Rent,-106.22,Debit,34591.57
3114,328,07-10-2023,Restaurant bill,Dining Out,-89.46,Debit,34502.11
3115,11,01-06-2024,Uber ride or fuel,Transport,181.19,Credit,34683.3
3116,24,25-04-2024,Monthly rent payment,Rent,-307.33,Debit,34375.97
3117,185,28-03-2024,Monthly rent payment,Rent,393.8,Credit,34769.77
3118,3,09-03-2024,Movie or concert ticket,Entertainment,-314.53,Debit,34455.24
3119,369,23-09-2023,Grocery shopping,Groceries,-177.08,Debit,34278.16
3120,114,22-12-2023,Transferred to savings account,Savings,107.96,Credit,34386.12
3121,369,11-04-2024,Movie or concert ticket,Entertainment,-394.1,Debit,33992.02
3122,634,21-08-2023,Doctor visit or medication,Healthcare,20.18,Credit,34012.2
3123,602,02-03-2024,Doctor visit or medication,Healthcare,-94.46,Debit,33917.74
3124,986,25-07-2024,Monthly rent payment,Rent,42.46,Credit,33960.2
3125,856,08-05-2024,Doctor visit or medication,Healthcare,111.02,Credit,34071.22
3126,912,08-01-2024,Grocery shopping,Groceries,-19.89,Debit,34051.33
3127,278,21-12-2023,Uber ride or fuel,Transport,-432.85,Debit,33618.48
3128,208,11-04-2024,Doctor visit or medication,Healthcare,305.51,Credit,33923.99
3129,37,06-05-2024,Transferred to savings account,Savings,492.83,Credit,34416.82
3130,407,20-07-2024,Restaurant bill,Dining Out,29.03,Credit,34445.85
3131,44,29-02-2024,Monthly rent payment,Rent,-273,Debit,34172.85
3132,588,05-06-2024,Monthly rent payment,Rent,49.6,Credit,34222.45
3133,487,18-09-2023,Grocery shopping,Groceries,442.36,Credit,34664.81
3134,116,25-03-2024,Uber ride or fuel,Transport,-236.31,Debit,34428.5
3135,403,02-03-2024,Grocery shopping,Groceries,104.05,Credit,34532.55
3136,611,07-03-2024,Utility bill payment,Utilities,-484.7,Debit,34047.85
3137,917,17-02-2024,Transferred to savings account,Savings,-115.11,Debit,33932.74
3138,681,18-08-2023,Grocery shopping,Groceries,-228.11,Debit,33704.63
3139,763,13-10-2023,Restaurant bill,Dining Out,-494.65,Debit,33209.98
3140,866,09-02-2024,Transferred to savings account,Savings,-437.84,Debit,32772.14
3141,237,04-05-2024,Grocery shopping,Groceries,-221.44,Debit,32550.7
3142,780,08-01-2024,Grocery shopping,Groceries,-351.72,Debit,32198.98
3143,103,25-04-2024,Movie or concert ticket,Entertainment,384.73,Credit,32583.71
3144,983,14-09-2023,Restaurant bill,Dining Out,45.79,Credit,32629.5
3145,732,09-10-2023,Monthly rent payment,Rent,373.03,Credit,33002.53
3146,506,15-10-2023,Doctor visit or medication,Healthcare,-240.62,Debit,32761.91
3147,279,07-06-2024,Monthly rent payment,Rent,362.61,Credit,33124.52
3148,363,24-01-2024,Movie or concert ticket,Entertainment,-182.4,Debit,32942.12
3149,498,08-04-2024,Transferred to savings account,Savings,173.79,Credit,33115.91
3150,478,26-07-2024,Uber ride or fuel,Transport,-92.99,Debit,33022.92
3151,397,10-08-2024,Restaurant bill,Dining Out,-413.06,Debit,32609.86
3152,752,21-11-2023,Movie or concert ticket,Entertainment,117.34,Credit,32727.2
3153,304,16-08-2023,Uber ride or fuel,Transport,260.53,Credit,32987.73
3154,955,04-02-2024,Doctor visit or medication,Healthcare,174.74,Credit,33162.47
3155,563,27-01-2024,Grocery shopping,Groceries,135.79,Credit,33298.26
3156,198,19-12-2023,Movie or concert ticket,Entertainment,71.38,Credit,33369.64
3157,565,12-09-2023,Uber ride or fuel,Transport,310.92,Credit,33680.56
3158,587,21-10-2023,Transferred to savings account,Savings,-268.65,Debit,33411.91
3159,690,27-06-2024,Utility bill payment,Utilities,-216.82,Debit,33195.09
3160,826,30-03-2024,Transferred to savings account,Savings,424.6,Credit,33619.69
3161,896,20-02-2024,Transferred to savings account,Savings,-406.76,Debit,33212.93
3162,582,29-09-2023,Restaurant bill,Dining Out,-457.68,Debit,32755.25
3163,822,24-08-2023,Restaurant bill,Dining Out,-123.1,Debit,32632.15
3164,732,06-11-2023,Transferred to savings account,Savings,-70.01,Debit,32562.14
3165,807,04-09-2023,Grocery shopping,Groceries,-353.3,Debit,32208.84
3166,786,07-05-2024,Utility bill payment,Utilities,-232.42,Debit,31976.42
3167,142,20-11-2023,Restaurant bill,Dining Out,-314.98,Debit,31661.44
3168,286,19-12-2023,Utility bill payment,Utilities,-345.02,Debit,31316.42
3169,753,03-09-2023,Doctor visit or medication,Healthcare,131.69,Credit,31448.11
3170,313,21-05-2024,Monthly rent payment,Rent,352.57,Credit,31800.68
3171,687,07-04-2024,Uber ride or fuel,Transport,-107.06,Debit,31693.62
3172,377,10-06-2024,Transferred to savings account,Savings,451.62,Credit,32145.24
3173,79,18-03-2024,Restaurant bill,Dining Out,319.82,Credit,32465.06
3174,833,24-07-2024,Monthly rent payment,Rent,354.13,Credit,32819.19
3175,143,01-03-2024,Movie or concert ticket,Entertainment,-451.95,Debit,32367.24
3176,463,21-11-2023,Restaurant bill,Dining Out,-75.62,Debit,32291.62
3177,332,17-06-2024,Utility bill payment,Utilities,262.64,Credit,32554.26
3178,77,05-06-2024,Grocery shopping,Groceries,-282.73,Debit,32271.53
3179,585,25-05-2024,Doctor visit or medication,Healthcare,-207.75,Debit,32063.78
3180,69,07-07-2024,Doctor visit or medication,Healthcare,-76.62,Debit,31987.16
3181,591,28-10-2023,Transferred to savings account,Savings,72.87,Credit,32060.03
3182,846,01-10-2023,Movie or concert ticket,Entertainment,371.56,Credit,32431.59
3183,657,28-11-2023,Restaurant bill,Dining Out,-155.69,Debit,32275.9
3184,422,20-05-2024,Movie or concert ticket,Entertainment,368.66,Credit,32644.56
3185,187,14-01-2024,Monthly rent payment,Rent,-64.82,Debit,32579.74
3186,993,21-07-2024,Uber ride or fuel,Transport,-460.9,Debit,32118.84
3187,906,13-03-2024,Doctor visit or medication,Healthcare,-234.54,Debit,31884.3
3188,102,17-06-2024,Restaurant bill,Dining Out,363.45,Credit,32247.75
3189,832,30-04-2024,Restaurant bill,Dining Out,96.5,Credit,32344.25
3190,800,27-08-2023,Doctor visit or medication,Healthcare,238.08,Credit,32582.33
3191,820,19-11-2023,Transferred to savings account,Savings,-206.31,Debit,32376.02
3192,461,01-09-2023,Monthly rent payment,Rent,-405.65,Debit,31970.37
3193,478,28-03-2024,Doctor visit or medication,Healthcare,-293.8,Debit,31676.57
3194,592,25-05-2024,Transferred to savings account,Savings,126.8,Credit,31803.37
3195,145,11-06-2024,Monthly rent payment,Rent,-151.98,Debit,31651.39
3196,255,23-06-2024,Uber ride or fuel,Transport,-66.67,Debit,31584.72
3197,623,10-06-2024,Monthly rent payment,Rent,272.91,Credit,31857.63
3198,989,18-08-2023,Monthly rent payment,Rent,-319.37,Debit,31538.26
3199,483,24-06-2024,Movie or concert ticket,Entertainment,-133.08,Debit,31405.18
3200,785,14-10-2023,Transferred to savings account,Savings,94.02,Credit,31499.2
3201,413,30-10-2023,Grocery shopping,Groceries,405.74,Credit,31904.94
3202,897,19-09-2023,Movie or concert ticket,Entertainment,374.86,Credit,32279.8
3203,582,31-07-2024,Movie or concert ticket,Entertainment,385.77,Credit,32665.57
3204,129,24-11-2023,Transferred to savings account,Savings,314.01,Credit,32979.58
3205,484,09-06-2024,Grocery shopping,Groceries,-16.28,Debit,32963.3
3206,984,17-10-2023,Movie or concert ticket,Entertainment,212.63,Credit,33175.93
3207,888,04-05-2024,Monthly rent payment,Rent,-314.84,Debit,32861.09
3208,39,17-09-2023,Grocery shopping,Groceries,-102.39,Debit,32758.7
3209,238,24-06-2024,Grocery shopping,Groceries,405.89,Credit,33164.59
3210,953,19-06-2024,Transferred to savings account,Savings,337.39,Credit,33501.98
3211,369,15-08-2023,Utility bill payment,Utilities,-65.18,Debit,33436.8
3212,540,30-01-2024,Transferred to savings account,Savings,327.25,Credit,33764.05
3213,722,17-05-2024,Doctor visit or medication,Healthcare,-431.64,Debit,33332.41
3214,668,25-10-2023,Monthly rent payment,Rent,-273.03,Debit,33059.38
3215,204,13-07-2024,Utility bill payment,Utilities,-323.21,Debit,32736.17
3216,457,15-12-2023,Grocery shopping,Groceries,395.79,Credit,33131.96
3217,586,13-09-2023,Doctor visit or medication,Healthcare,39.51,Credit,33171.47
3218,249,03-06-2024,Uber ride or fuel,Transport,285.4,Credit,33456.87
3219,733,04-11-2023,Monthly rent payment,Rent,-496.2,Debit,32960.67
3220,970,29-02-2024,Grocery shopping,Groceries,495.84,Credit,33456.51
3221,820,09-02-2024,Movie or concert ticket,Entertainment,-274.61,Debit,33181.9
3222,542,17-04-2024,Utility bill payment,Utilities,-89.58,Debit,33092.32
3223,722,08-03-2024,Grocery shopping,Groceries,468.91,Credit,33561.23
3224,220,24-09-2023,Transferred to savings account,Savings,204.77,Credit,33766
3225,712,03-10-2023,Uber ride or fuel,Transport,-323.05,Debit,33442.95
3226,774,13-07-2024,Monthly rent payment,Rent,-181.83,Debit,33261.12
3227,309,02-01-2024,Transferred to savings account,Savings,289.68,Credit,33550.8
3228,748,01-12-2023,Uber ride or fuel,Transport,-326.47,Debit,33224.33
3229,332,18-09-2023,Restaurant bill,Dining Out,-411.02,Debit,32813.31
3230,88,14-11-2023,Grocery shopping,Groceries,-193.42,Debit,32619.89
3231,421,11-08-2024,Utility bill payment,Utilities,-18.74,Debit,32601.15
3232,64,15-12-2023,Utility bill payment,Utilities,-383.06,Debit,32218.09
3233,589,03-03-2024,Movie or concert ticket,Entertainment,32.11,Credit,32250.2
3234,519,27-03-2024,Monthly rent payment,Rent,229.1,Credit,32479.3
3235,968,14-09-2023,Monthly rent payment,Rent,-255.8,Debit,32223.5
3236,854,02-06-2024,Restaurant bill,Dining Out,-303.97,Debit,31919.53
3237,745,06-12-2023,Movie or concert ticket,Entertainment,-452.14,Debit,31467.39
3238,941,28-01-2024,Utility bill payment,Utilities,111.22,Credit,31578.61
3239,545,10-05-2024,Transferred to savings account,Savings,-97.01,Debit,31481.6
3240,5,25-10-2023,Transferred to savings account,Savings,-457.94,Debit,31023.66
3241,816,23-06-2024,Monthly rent payment,Rent,-88.78,Debit,30934.88
3242,609,23-06-2024,Grocery shopping,Groceries,416.26,Credit,31351.14
3243,501,02-09-2023,Utility bill payment,Utilities,-449.99,Debit,30901.15
3244,166,19-08-2023,Movie or concert ticket,Entertainment,-417.21,Debit,30483.94
3245,696,03-06-2024,Transferred to savings account,Savings,-273.31,Debit,30210.63
3246,851,30-08-2023,Transferred to savings account,Savings,477.22,Credit,30687.85
3247,314,11-03-2024,Uber ride or fuel,Transport,-265,Debit,30422.85
3248,514,19-01-2024,Doctor visit or medication,Healthcare,-106.88,Debit,30315.97
3249,934,20-02-2024,Monthly rent payment,Rent,126.44,Credit,30442.41
3250,971,03-08-2024,Utility bill payment,Utilities,-394.21,Debit,30048.2
3251,672,29-03-2024,Doctor visit or medication,Healthcare,6.94,Credit,30055.14
3252,322,14-11-2023,Monthly rent payment,Rent,-278.23,Debit,29776.91
3253,297,10-05-2024,Grocery shopping,Groceries,166.76,Credit,29943.67
3254,466,14-10-2023,Restaurant bill,Dining Out,-139.27,Debit,29804.4
3255,530,03-08-2024,Restaurant bill,Dining Out,-297.04,Debit,29507.36
3256,7,06-08-2024,Doctor visit or medication,Healthcare,-235.68,Debit,29271.68
3257,780,27-08-2023,Uber ride or fuel,Transport,129.82,Credit,29401.5
3258,697,19-12-2023,Grocery shopping,Groceries,-238.39,Debit,29163.11
3259,285,30-09-2023,Monthly rent payment,Rent,-166.04,Debit,28997.07
3260,58,26-06-2024,Monthly rent payment,Rent,-412.83,Debit,28584.24
3261,586,07-12-2023,Movie or concert ticket,Entertainment,-25.57,Debit,28558.67
3262,256,26-01-2024,Grocery shopping,Groceries,-213.74,Debit,28344.93
3263,747,17-06-2024,Transferred to savings account,Savings,-403.16,Debit,27941.77
3264,333,20-05-2024,Restaurant bill,Dining Out,-303.04,Debit,27638.73
3265,521,29-07-2024,Uber ride or fuel,Transport,-61.87,Debit,27576.86
3266,453,22-02-2024,Transferred to savings account,Savings,-407.74,Debit,27169.12
3267,982,23-10-2023,Movie or concert ticket,Entertainment,212.22,Credit,27381.34
3268,615,11-02-2024,Movie or concert ticket,Entertainment,173.55,Credit,27554.89
3269,741,28-01-2024,Utility bill payment,Utilities,349.72,Credit,27904.61
3270,686,11-12-2023,Monthly rent payment,Rent,261.62,Credit,28166.23
3271,656,26-12-2023,Grocery shopping,Groceries,-357.7,Debit,27808.53
3272,533,23-10-2023,Doctor visit or medication,Healthcare,121.19,Credit,27929.72
3273,293,11-01-2024,Doctor visit or medication,Healthcare,-267.36,Debit,27662.36
3274,88,04-05-2024,Movie or concert ticket,Entertainment,-403.6,Debit,27258.76
3275,528,01-11-2023,Uber ride or fuel,Transport,181.27,Credit,27440.03
3276,76,23-08-2023,Uber ride or fuel,Transport,-423.9,Debit,27016.13
3277,513,07-08-2024,Utility bill payment,Utilities,-262.99,Debit,26753.14
3278,838,05-11-2023,Monthly rent payment,Rent,-187.75,Debit,26565.39
3279,33,13-05-2024,Monthly rent payment,Rent,199.74,Credit,26765.13
3280,199,04-01-2024,Utility bill payment,Utilities,-70.79,Debit,26694.34
3281,29,10-01-2024,Utility bill payment,Utilities,112.46,Credit,26806.8
3282,311,14-12-2023,Monthly rent payment,Rent,-284.44,Debit,26522.36
3283,26,10-12-2023,Doctor visit or medication,Healthcare,256.56,Credit,26778.92
3284,853,05-05-2024,Transferred to savings account,Savings,421.91,Credit,27200.83
3285,895,01-12-2023,Uber ride or fuel,Transport,-269.17,Debit,26931.66
3286,582,20-07-2024,Monthly rent payment,Rent,-59.58,Debit,26872.08
3287,774,01-04-2024,Transferred to savings account,Savings,132.11,Credit,27004.19
3288,683,18-05-2024,Restaurant bill,Dining Out,148.05,Credit,27152.24
3289,967,05-12-2023,Monthly rent payment,Rent,303.17,Credit,27455.41
3290,14,13-04-2024,Restaurant bill,Dining Out,-321.06,Debit,27134.35
3291,961,01-02-2024,Movie or concert ticket,Entertainment,-49.94,Debit,27084.41
3292,247,18-12-2023,Grocery shopping,Groceries,286.49,Credit,27370.9
3293,40,23-03-2024,Restaurant bill,Dining Out,167.75,Credit,27538.65
3294,456,03-06-2024,Doctor visit or medication,Healthcare,-411.97,Debit,27126.68
3295,528,05-06-2024,Monthly rent payment,Rent,391,Credit,27517.68
3296,134,14-07-2024,Restaurant bill,Dining Out,217.82,Credit,27735.5
3297,472,11-05-2024,Doctor visit or medication,Healthcare,-273.91,Debit,27461.59
3298,932,26-07-2024,Doctor visit or medication,Healthcare,179.25,Credit,27640.84
3299,84,16-07-2024,Movie or concert ticket,Entertainment,-214.46,Debit,27426.38
3300,962,06-11-2023,Doctor visit or medication,Healthcare,-247.21,Debit,27179.17
3301,996,02-01-2024,Monthly rent payment,Rent,-376.61,Debit,26802.56
3302,719,20-07-2024,Monthly rent payment,Rent,-93.4,Debit,26709.16
3303,244,02-09-2023,Doctor visit or medication,Healthcare,242.66,Credit,26951.82
3304,6,11-02-2024,Grocery shopping,Groceries,-11.99,Debit,26939.83
3305,476,20-03-2024,Uber ride or fuel,Transport,95.09,Credit,27034.92
3306,432,08-09-2023,Doctor visit or medication,Healthcare,349.59,Credit,27384.51
3307,692,14-04-2024,Utility bill payment,Utilities,-468.47,Debit,26916.04
3308,433,26-08-2023,Uber ride or fuel,Transport,-311.87,Debit,26604.17
3309,974,28-08-2023,Transferred to savings account,Savings,14.4,Credit,26618.57
3310,720,29-12-2023,Monthly rent payment,Rent,142.62,Credit,26761.19
3311,969,23-06-2024,Utility bill payment,Utilities,68.63,Credit,26829.82
3312,352,27-02-2024,Transferred to savings account,Savings,466.75,Credit,27296.57
3313,395,20-07-2024,Grocery shopping,Groceries,-491.71,Debit,26804.86
3314,814,26-06-2024,Uber ride or fuel,Transport,97.8,Credit,26902.66
3315,938,13-08-2023,Uber ride or fuel,Transport,101.3,Credit,27003.96
3316,32,22-04-2024,Utility bill payment,Utilities,-109.49,Debit,26894.47
3317,846,14-07-2024,Monthly rent payment,Rent,-175.03,Debit,26719.44
3318,728,22-07-2024,Restaurant bill,Dining Out,-492.35,Debit,26227.09
3319,909,08-04-2024,Utility bill payment,Utilities,156.71,Credit,26383.8
3320,484,11-03-2024,Uber ride or fuel,Transport,56.86,Credit,26440.66
3321,157,02-01-2024,Uber ride or fuel,Transport,-334.09,Debit,26106.57
3322,408,24-08-2023,Restaurant bill,Dining Out,232.28,Credit,26338.85
3323,230,06-05-2024,Restaurant bill,Dining Out,-301.52,Debit,26037.33
3324,80,15-07-2024,Movie or concert ticket,Entertainment,-250.46,Debit,25786.87
3325,398,15-02-2024,Doctor visit or medication,Healthcare,-308.61,Debit,25478.26
3326,489,09-07-2024,Utility bill payment,Utilities,-411.55,Debit,25066.71
3327,640,09-12-2023,Transferred to savings account,Savings,-238.06,Debit,24828.65
3328,463,16-06-2024,Transferred to savings account,Savings,201.09,Credit,25029.74
3329,16,20-06-2024,Restaurant bill,Dining Out,445.81,Credit,25475.55
3330,54,28-06-2024,Restaurant bill,Dining Out,425.53,Credit,25901.08
3331,596,11-08-2024,Movie or concert ticket,Entertainment,128.09,Credit,26029.17
3332,58,11-05-2024,Transferred to savings account,Savings,483.6,Credit,26512.77
3333,329,25-04-2024,Uber ride or fuel,Transport,432.08,Credit,26944.85
3334,143,07-08-2024,Doctor visit or medication,Healthcare,88.77,Credit,27033.62
3335,304,19-12-2023,Uber ride or fuel,Transport,-472.5,Debit,26561.12
3336,514,03-03-2024,Grocery shopping,Groceries,287.19,Credit,26848.31
3337,331,11-10-2023,Restaurant bill,Dining Out,-251.26,Debit,26597.05
3338,436,20-04-2024,Doctor visit or medication,Healthcare,137.69,Credit,26734.74
3339,625,15-06-2024,Transferred to savings account,Savings,444.49,Credit,27179.23
3340,718,04-02-2024,Monthly rent payment,Rent,-453.07,Debit,26726.16
3341,116,06-07-2024,Grocery shopping,Groceries,271.91,Credit,26998.07
3342,851,17-11-2023,Doctor visit or medication,Healthcare,378.44,Credit,27376.51
3343,677,14-11-2023,Utility bill payment,Utilities,219.78,Credit,27596.29
3344,503,26-10-2023,Doctor visit or medication,Healthcare,-299.53,Debit,27296.76
3345,348,11-11-2023,Restaurant bill,Dining Out,393.77,Credit,27690.53
3346,873,31-12-2023,Grocery shopping,Groceries,-278.98,Debit,27411.55
3347,115,07-12-2023,Utility bill payment,Utilities,-204.98,Debit,27206.57
3348,846,01-01-2024,Restaurant bill,Dining Out,-349.33,Debit,26857.24
3349,428,15-12-2023,Movie or concert ticket,Entertainment,-331.39,Debit,26525.85
3350,184,11-10-2023,Monthly rent payment,Rent,-499.17,Debit,26026.68
3351,677,30-06-2024,Doctor visit or medication,Healthcare,357.46,Credit,26384.14
3352,333,02-09-2023,Movie or concert ticket,Entertainment,361.7,Credit,26745.84
3353,836,16-08-2023,Doctor visit or medication,Healthcare,209.6,Credit,26955.44
3354,382,14-06-2024,Grocery shopping,Groceries,466.73,Credit,27422.17
3355,610,08-09-2023,Monthly rent payment,Rent,465.83,Credit,27888
3356,416,17-03-2024,Utility bill payment,Utilities,-430.64,Debit,27457.36
3357,797,01-07-2024,Restaurant bill,Dining Out,-363.1,Debit,27094.26
3358,308,10-03-2024,Utility bill payment,Utilities,407.93,Credit,27502.19
3359,279,17-03-2024,Grocery shopping,Groceries,211.99,Credit,27714.18
3360,686,22-05-2024,Restaurant bill,Dining Out,495.26,Credit,28209.44
3361,192,07-06-2024,Doctor visit or medication,Healthcare,121.56,Credit,28331
3362,120,31-01-2024,Uber ride or fuel,Transport,497.46,Credit,28828.46
3363,369,24-03-2024,Monthly rent payment,Rent,5.49,Credit,28833.95
3364,433,04-09-2023,Grocery shopping,Groceries,-313.61,Debit,28520.34
3365,736,03-11-2023,Movie or concert ticket,Entertainment,-275.3,Debit,28245.04
3366,798,19-01-2024,Grocery shopping,Groceries,35.26,Credit,28280.3
3367,253,03-04-2024,Transferred to savings account,Savings,-39.32,Debit,28240.98
3368,74,13-07-2024,Doctor visit or medication,Healthcare,157.14,Credit,28398.12
3369,972,28-08-2023,Restaurant bill,Dining Out,-100.4,Debit,28297.72
3370,213,11-07-2024,Restaurant bill,Dining Out,-368.83,Debit,27928.89
3371,423,09-07-2024,Monthly rent payment,Rent,487.85,Credit,28416.74
3372,778,30-04-2024,Grocery shopping,Groceries,-243.58,Debit,28173.16
3373,577,01-12-2023,Restaurant bill,Dining Out,-250.93,Debit,27922.23
3374,938,18-01-2024,Transferred to savings account,Savings,228.59,Credit,28150.82
3375,395,22-06-2024,Uber ride or fuel,Transport,447.13,Credit,28597.95
3376,821,07-07-2024,Grocery shopping,Groceries,-89.46,Debit,28508.49
3377,450,14-02-2024,Movie or concert ticket,Entertainment,-253.32,Debit,28255.17
3378,15,04-04-2024,Monthly rent payment,Rent,-279.08,Debit,27976.09
3379,711,25-09-2023,Transferred to savings account,Savings,359.63,Credit,28335.72
3380,759,25-08-2023,Uber ride or fuel,Transport,-24.04,Debit,28311.68
3381,65,05-09-2023,Utility bill payment,Utilities,-370.86,Debit,27940.82
3382,597,14-03-2024,Monthly rent payment,Rent,206.61,Credit,28147.43
3383,309,18-08-2023,Movie or concert ticket,Entertainment,-77.27,Debit,28070.16
3384,850,28-05-2024,Utility bill payment,Utilities,-95.94,Debit,27974.22
3385,220,14-04-2024,Uber ride or fuel,Transport,486.14,Credit,28460.36
3386,932,15-06-2024,Transferred to savings account,Savings,-370.35,Debit,28090.01
3387,957,10-09-2023,Uber ride or fuel,Transport,-418.08,Debit,27671.93
3388,620,19-07-2024,Utility bill payment,Utilities,453.29,Credit,28125.22
3389,6,02-06-2024,Monthly rent payment,Rent,-420.32,Debit,27704.9
3390,250,16-11-2023,Grocery shopping,Groceries,-115.28,Debit,27589.62
3391,70,21-03-2024,Utility bill payment,Utilities,281.15,Credit,27870.77
3392,549,12-11-2023,Restaurant bill,Dining Out,277.63,Credit,28148.4
3393,137,09-04-2024,Monthly rent payment,Rent,-194.9,Debit,27953.5
3394,277,15-07-2024,Uber ride or fuel,Transport,-240.16,Debit,27713.34
3395,60,04-11-2023,Transferred to savings account,Savings,430.44,Credit,28143.78
3396,478,26-01-2024,Grocery shopping,Groceries,232.72,Credit,28376.5
3397,474,04-04-2024,Restaurant bill,Dining Out,-115.83,Debit,28260.67
3398,601,30-05-2024,Doctor visit or medication,Healthcare,185.08,Credit,28445.75
3399,463,13-09-2023,Grocery shopping,Groceries,252.47,Credit,28698.22
3400,12,05-02-2024,Utility bill payment,Utilities,-357.2,Debit,28341.02
3401,583,21-04-2024,Restaurant bill,Dining Out,-372.36,Debit,27968.66
3402,862,08-02-2024,Restaurant bill,Dining Out,235.82,Credit,28204.48
3403,685,30-09-2023,Uber ride or fuel,Transport,-121.56,Debit,28082.92
3404,187,14-10-2023,Doctor visit or medication,Healthcare,262.04,Credit,28344.96
3405,70,11-02-2024,Utility bill payment,Utilities,122.62,Credit,28467.58
3406,406,26-01-2024,Utility bill payment,Utilities,-467.07,Debit,28000.51
3407,112,09-11-2023,Uber ride or fuel,Transport,379.05,Credit,28379.56
3408,627,11-01-2024,Uber ride or fuel,Transport,140.89,Credit,28520.45
3409,571,29-04-2024,Movie or concert ticket,Entertainment,-273.85,Debit,28246.6
3410,269,28-12-2023,Transferred to savings account,Savings,-158.51,Debit,28088.09
3411,888,09-08-2024,Transferred to savings account,Savings,-369.06,Debit,27719.03
3412,782,13-08-2023,Movie or concert ticket,Entertainment,-489.86,Debit,27229.17
3413,806,23-05-2024,Uber ride or fuel,Transport,434.39,Credit,27663.56
3414,690,07-03-2024,Doctor visit or medication,Healthcare,-433.39,Debit,27230.17
3415,261,06-11-2023,Restaurant bill,Dining Out,198.43,Credit,27428.6
3416,652,08-05-2024,Grocery shopping,Groceries,39.73,Credit,27468.33
3417,854,22-12-2023,Grocery shopping,Groceries,-413.23,Debit,27055.1
3418,780,13-01-2024,Transferred to savings account,Savings,-268.97,Debit,26786.13
3419,464,14-10-2023,Monthly rent payment,Rent,6.83,Credit,26792.96
3420,596,30-01-2024,Transferred to savings account,Savings,-188.79,Debit,26604.17
3421,830,16-10-2023,Transferred to savings account,Savings,-306.21,Debit,26297.96
3422,80,10-08-2024,Grocery shopping,Groceries,16.61,Credit,26314.57
3423,95,07-03-2024,Transferred to savings account,Savings,-67.88,Debit,26246.69
3424,969,20-08-2023,Uber ride or fuel,Transport,-206.7,Debit,26039.99
3425,166,17-06-2024,Grocery shopping,Groceries,-417.06,Debit,25622.93
3426,340,25-11-2023,Restaurant bill,Dining Out,-295.88,Debit,25327.05
3427,759,24-04-2024,Monthly rent payment,Rent,-263.61,Debit,25063.44
3428,44,01-05-2024,Transferred to savings account,Savings,-414.31,Debit,24649.13
3429,29,28-11-2023,Utility bill payment,Utilities,149.4,Credit,24798.53
3430,933,16-11-2023,Doctor visit or medication,Healthcare,-456.56,Debit,24341.97
3431,364,05-07-2024,Uber ride or fuel,Transport,96.49,Credit,24438.46
3432,47,31-12-2023,Grocery shopping,Groceries,-410.47,Debit,24027.99
3433,427,22-06-2024,Movie or concert ticket,Entertainment,-314.32,Debit,23713.67
3434,590,18-10-2023,Doctor visit or medication,Healthcare,130.78,Credit,23844.45
3435,743,28-09-2023,Grocery shopping,Groceries,25.63,Credit,23870.08
3436,416,05-08-2024,Grocery shopping,Groceries,13.5,Credit,23883.58
3437,282,17-01-2024,Transferred to savings account,Savings,392.98,Credit,24276.56
3438,912,29-06-2024,Grocery shopping,Groceries,429.79,Credit,24706.35
3439,100,17-10-2023,Uber ride or fuel,Transport,-365.82,Debit,24340.53
3440,799,26-09-2023,Transferred to savings account,Savings,-454.06,Debit,23886.47
3441,141,23-11-2023,Doctor visit or medication,Healthcare,273.58,Credit,24160.05
3442,450,08-09-2023,Movie or concert ticket,Entertainment,-375.11,Debit,23784.94
3443,592,29-10-2023,Monthly rent payment,Rent,-443.78,Debit,23341.16
3444,950,28-04-2024,Uber ride or fuel,Transport,-420.69,Debit,22920.47
3445,337,05-03-2024,Grocery shopping,Groceries,-251.92,Debit,22668.55
3446,910,23-02-2024,Utility bill payment,Utilities,-52.06,Debit,22616.49
3447,288,14-09-2023,Grocery shopping,Groceries,80.48,Credit,22696.97
3448,829,01-01-2024,Grocery shopping,Groceries,-59.76,Debit,22637.21
3449,422,19-12-2023,Restaurant bill,Dining Out,75.35,Credit,22712.56
3450,847,30-06-2024,Transferred to savings account,Savings,38.8,Credit,22751.36
3451,299,21-03-2024,Grocery shopping,Groceries,74.97,Credit,22826.33
3452,787,26-01-2024,Utility bill payment,Utilities,-90.33,Debit,22736
3453,245,04-06-2024,Movie or concert ticket,Entertainment,484.75,Credit,23220.75
3454,414,16-11-2023,Transferred to savings account,Savings,-203.53,Debit,23017.22
3455,965,04-06-2024,Grocery shopping,Groceries,-70.62,Debit,22946.6
3456,893,30-04-2024,Movie or concert ticket,Entertainment,-468.64,Debit,22477.96
3457,385,18-11-2023,Monthly rent payment,Rent,-394.43,Debit,22083.53
3458,704,11-05-2024,Utility bill payment,Utilities,-84.52,Debit,21999.01
3459,467,22-10-2023,Grocery shopping,Groceries,293.27,Credit,22292.28
3460,572,21-12-2023,Movie or concert ticket,Entertainment,-245,Debit,22047.28
3461,663,26-02-2024,Doctor visit or medication,Healthcare,-347.02,Debit,21700.26
3462,948,08-09-2023,Restaurant bill,Dining Out,-275.85,Debit,21424.41
3463,465,19-09-2023,Utility bill payment,Utilities,-47.67,Debit,21376.74
3464,925,06-04-2024,Transferred to savings account,Savings,483.43,Credit,21860.17
3465,342,02-05-2024,Doctor visit or medication,Healthcare,260.76,Credit,22120.93
3466,460,23-02-2024,Transferred to savings account,Savings,300.82,Credit,22421.75
3467,586,20-12-2023,Transferred to savings account,Savings,315.14,Credit,22736.89
3468,667,10-04-2024,Utility bill payment,Utilities,-13.62,Debit,22723.27
3469,166,26-10-2023,Monthly rent payment,Rent,-370.89,Debit,22352.38
3470,223,16-12-2023,Utility bill payment,Utilities,-130.19,Debit,22222.19
3471,345,19-06-2024,Utility bill payment,Utilities,-30.09,Debit,22192.1
3472,122,14-11-2023,Grocery shopping,Groceries,320.71,Credit,22512.81
3473,824,01-06-2024,Monthly rent payment,Rent,-131.98,Debit,22380.83
3474,33,16-10-2023,Utility bill payment,Utilities,146.42,Credit,22527.25
3475,765,19-06-2024,Movie or concert ticket,Entertainment,201.91,Credit,22729.16
3476,275,22-06-2024,Monthly rent payment,Rent,-70.18,Debit,22658.98
3477,389,11-10-2023,Grocery shopping,Groceries,350.29,Credit,23009.27
3478,150,22-11-2023,Movie or concert ticket,Entertainment,-301.41,Debit,22707.86
3479,268,01-10-2023,Transferred to savings account,Savings,481.6,Credit,23189.46
3480,657,30-03-2024,Restaurant bill,Dining Out,-429.53,Debit,22759.93
3481,183,28-11-2023,Uber ride or fuel,Transport,-176.92,Debit,22583.01
3482,273,03-05-2024,Utility bill payment,Utilities,292.16,Credit,22875.17
3483,112,19-01-2024,Doctor visit or medication,Healthcare,19.08,Credit,22894.25
3484,301,09-10-2023,Movie or concert ticket,Entertainment,339.84,Credit,23234.09
3485,115,20-07-2024,Uber ride or fuel,Transport,-76.78,Debit,23157.31
3486,131,23-12-2023,Uber ride or fuel,Transport,-264.64,Debit,22892.67
3487,595,23-04-2024,Monthly rent payment,Rent,-163.63,Debit,22729.04
3488,231,04-12-2023,Grocery shopping,Groceries,-65.92,Debit,22663.12
3489,172,15-02-2024,Transferred to savings account,Savings,14.02,Credit,22677.14
3490,791,30-03-2024,Uber ride or fuel,Transport,-161.22,Debit,22515.92
3491,709,19-02-2024,Transferred to savings account,Savings,91.59,Credit,22607.51
3492,134,10-10-2023,Restaurant bill,Dining Out,-24.92,Debit,22582.59
3493,732,12-12-2023,Movie or concert ticket,Entertainment,235.42,Credit,22818.01
3494,313,20-09-2023,Movie or concert ticket,Entertainment,490.5,Credit,23308.51
3495,314,23-01-2024,Grocery shopping,Groceries,298.57,Credit,23607.08
3496,116,18-08-2023,Monthly rent payment,Rent,170.72,Credit,23777.8
3497,894,30-12-2023,Restaurant bill,Dining Out,67.44,Credit,23845.24
3498,787,09-05-2024,Grocery shopping,Groceries,235.56,Credit,24080.8
3499,825,31-10-2023,Grocery shopping,Groceries,21.23,Credit,24102.03
3500,695,08-01-2024,Restaurant bill,Dining Out,470.89,Credit,24572.92
3501,636,19-10-2023,Transferred to savings account,Savings,362.41,Credit,24935.33
3502,618,18-05-2024,Transferred to savings account,Savings,-217.98,Debit,24717.35
3503,684,22-06-2024,Grocery shopping,Groceries,-80.49,Debit,24636.86
3504,680,19-02-2024,Movie or concert ticket,Entertainment,-122.24,Debit,24514.62
3505,612,26-07-2024,Uber ride or fuel,Transport,-189.66,Debit,24324.96
3506,716,08-11-2023,Restaurant bill,Dining Out,82.05,Credit,24407.01
3507,821,07-10-2023,Transferred to savings account,Savings,-183.1,Debit,24223.91
3508,115,05-08-2024,Restaurant bill,Dining Out,99.4,Credit,24323.31
3509,569,24-09-2023,Restaurant bill,Dining Out,14.81,Credit,24338.12
3510,949,10-11-2023,Uber ride or fuel,Transport,127.98,Credit,24466.1
3511,417,03-02-2024,Uber ride or fuel,Transport,352.23,Credit,24818.33
3512,704,31-08-2023,Monthly rent payment,Rent,458.48,Credit,25276.81
3513,845,28-04-2024,Doctor visit or medication,Healthcare,-215.38,Debit,25061.43
3514,747,09-07-2024,Grocery shopping,Groceries,-496.97,Debit,24564.46
3515,948,29-06-2024,Utility bill payment,Utilities,57.32,Credit,24621.78
3516,584,02-05-2024,Monthly rent payment,Rent,336.42,Credit,24958.2
3517,470,01-04-2024,Restaurant bill,Dining Out,166.79,Credit,25124.99
3518,43,06-08-2024,Doctor visit or medication,Healthcare,-74.26,Debit,25050.73
3519,418,08-01-2024,Grocery shopping,Groceries,-406.98,Debit,24643.75
3520,944,12-03-2024,Monthly rent payment,Rent,-483.45,Debit,24160.3
3521,49,07-07-2024,Grocery shopping,Groceries,368.18,Credit,24528.48
3522,814,16-01-2024,Restaurant bill,Dining Out,-424.54,Debit,24103.94
3523,506,23-03-2024,Monthly rent payment,Rent,-221.59,Debit,23882.35
3524,386,04-10-2023,Doctor visit or medication,Healthcare,203.39,Credit,24085.74
3525,285,01-07-2024,Grocery shopping,Groceries,190.79,Credit,24276.53
3526,790,02-11-2023,Uber ride or fuel,Transport,-382.7,Debit,23893.83
3527,226,07-10-2023,Monthly rent payment,Rent,172.1,Credit,24065.93
3528,43,11-05-2024,Uber ride or fuel,Transport,191.78,Credit,24257.71
3529,666,09-09-2023,Uber ride or fuel,Transport,437.23,Credit,24694.94
3530,94,11-02-2024,Uber ride or fuel,Transport,-217.01,Debit,24477.93
3531,281,29-12-2023,Movie or concert ticket,Entertainment,-392.66,Debit,24085.27
3532,162,20-03-2024,Grocery shopping,Groceries,262.55,Credit,24347.82
3533,251,27-05-2024,Transferred to savings account,Savings,-200.58,Debit,24147.24
3534,70,04-07-2024,Restaurant bill,Dining Out,-284.63,Debit,23862.61
3535,586,07-12-2023,Uber ride or fuel,Transport,-121.07,Debit,23741.54
3536,766,06-07-2024,Movie or concert ticket,Entertainment,-42.26,Debit,23699.28
3537,334,25-04-2024,Restaurant bill,Dining Out,-70.06,Debit,23629.22
3538,523,18-09-2023,Grocery shopping,Groceries,368.81,Credit,23998.03
3539,66,25-08-2023,Restaurant bill,Dining Out,-410.15,Debit,23587.88
3540,826,12-05-2024,Grocery shopping,Groceries,-352.15,Debit,23235.73
3541,523,13-10-2023,Grocery shopping,Groceries,455.9,Credit,23691.63
3542,237,09-02-2024,Doctor visit or medication,Healthcare,253.19,Credit,23944.82
3543,745,05-10-2023,Utility bill payment,Utilities,-8.52,Debit,23936.3
3544,887,28-03-2024,Monthly rent payment,Rent,246.86,Credit,24183.16
3545,244,22-11-2023,Transferred to savings account,Savings,-203.7,Debit,23979.46
3546,832,30-09-2023,Uber ride or fuel,Transport,307,Credit,24286.46
3547,154,24-03-2024,Movie or concert ticket,Entertainment,-6.18,Debit,24280.28
3548,108,03-12-2023,Transferred to savings account,Savings,485.44,Credit,24765.72
3549,755,21-07-2024,Grocery shopping,Groceries,333.22,Credit,25098.94
3550,154,12-07-2024,Uber ride or fuel,Transport,136.62,Credit,25235.56
3551,166,08-06-2024,Doctor visit or medication,Healthcare,479.58,Credit,25715.14
3552,472,23-10-2023,Transferred to savings account,Savings,-107.97,Debit,25607.17
3553,440,02-02-2024,Restaurant bill,Dining Out,414.39,Credit,26021.56
3554,924,07-01-2024,Utility bill payment,Utilities,99.72,Credit,26121.28
3555,146,17-01-2024,Movie or concert ticket,Entertainment,-384.96,Debit,25736.32
3556,177,01-01-2024,Doctor visit or medication,Healthcare,336.74,Credit,26073.06
3557,923,24-11-2023,Uber ride or fuel,Transport,-238.25,Debit,25834.81
3558,959,07-03-2024,Monthly rent payment,Rent,-306.66,Debit,25528.15
3559,982,20-03-2024,Uber ride or fuel,Transport,-356.46,Debit,25171.69
3560,741,24-03-2024,Restaurant bill,Dining Out,65.21,Credit,25236.9
3561,219,22-10-2023,Monthly rent payment,Rent,-416.02,Debit,24820.88
3562,946,19-09-2023,Doctor visit or medication,Healthcare,363.29,Credit,25184.17
3563,228,27-01-2024,Utility bill payment,Utilities,-139.39,Debit,25044.78
3564,140,01-10-2023,Monthly rent payment,Rent,-311.74,Debit,24733.04
3565,365,16-02-2024,Utility bill payment,Utilities,-409.75,Debit,24323.29
3566,33,10-12-2023,Monthly rent payment,Rent,427.81,Credit,24751.1
3567,488,19-09-2023,Doctor visit or medication,Healthcare,-188.64,Debit,24562.46
3568,972,03-05-2024,Utility bill payment,Utilities,-444.63,Debit,24117.83
3569,779,18-06-2024,Transferred to savings account,Savings,-63.89,Debit,24053.94
3570,618,26-09-2023,Utility bill payment,Utilities,67.61,Credit,24121.55
3571,51,07-08-2024,Monthly rent payment,Rent,-373.32,Debit,23748.23
3572,848,15-01-2024,Utility bill payment,Utilities,300.11,Credit,24048.34
3573,412,09-03-2024,Utility bill payment,Utilities,282.74,Credit,24331.08
3574,310,09-08-2024,Movie or concert ticket,Entertainment,101.11,Credit,24432.19
3575,100,21-06-2024,Utility bill payment,Utilities,497.67,Credit,24929.86
3576,844,24-10-2023,Movie or concert ticket,Entertainment,23.51,Credit,24953.37
3577,793,25-09-2023,Utility bill payment,Utilities,438.73,Credit,25392.1
3578,419,10-03-2024,Utility bill payment,Utilities,-460.73,Debit,24931.37
3579,647,21-12-2023,Monthly rent payment,Rent,-424.67,Debit,24506.7
3580,606,24-12-2023,Grocery shopping,Groceries,-435.51,Debit,24071.19
3581,821,13-10-2023,Monthly rent payment,Rent,300.15,Credit,24371.34
3582,520,31-12-2023,Movie or concert ticket,Entertainment,135.51,Credit,24506.85
3583,856,07-01-2024,Monthly rent payment,Rent,362.4,Credit,24869.25
3584,557,29-07-2024,Transferred to savings account,Savings,-72.65,Debit,24796.6
3585,895,15-11-2023,Grocery shopping,Groceries,252.42,Credit,25049.02
3586,548,23-09-2023,Uber ride or fuel,Transport,-124.3,Debit,24924.72
3587,344,09-12-2023,Transferred to savings account,Savings,-270.83,Debit,24653.89
3588,456,10-08-2024,Grocery shopping,Groceries,-359.18,Debit,24294.71
3589,854,11-11-2023,Uber ride or fuel,Transport,348.3,Credit,24643.01
3590,816,24-03-2024,Utility bill payment,Utilities,424.08,Credit,25067.09
3591,930,05-10-2023,Monthly rent payment,Rent,-259.75,Debit,24807.34
3592,965,21-06-2024,Uber ride or fuel,Transport,21.41,Credit,24828.75
3593,107,07-11-2023,Doctor visit or medication,Healthcare,-243.9,Debit,24584.85
3594,662,11-10-2023,Monthly rent payment,Rent,303.52,Credit,24888.37
3595,647,18-08-2023,Movie or concert ticket,Entertainment,222.5,Credit,25110.87
3596,986,07-03-2024,Transferred to savings account,Savings,214.91,Credit,25325.78
3597,185,19-04-2024,Transferred to savings account,Savings,-37.58,Debit,25288.2
3598,266,24-09-2023,Transferred to savings account,Savings,81.66,Credit,25369.86
3599,689,10-04-2024,Movie or concert ticket,Entertainment,-67.36,Debit,25302.5
3600,137,14-04-2024,Restaurant bill,Dining Out,-247.96,Debit,25054.54
3601,161,22-12-2023,Movie or concert ticket,Entertainment,-148.45,Debit,24906.09
3602,638,23-02-2024,Monthly rent payment,Rent,-383.59,Debit,24522.5
3603,804,19-05-2024,Transferred to savings account,Savings,375.49,Credit,24897.99
3604,118,03-03-2024,Transferred to savings account,Savings,-295.51,Debit,24602.48
3605,429,10-12-2023,Monthly rent payment,Rent,-462.42,Debit,24140.06
3606,191,22-04-2024,Uber ride or fuel,Transport,-96.13,Debit,24043.93
3607,142,19-06-2024,Movie or concert ticket,Entertainment,-309.99,Debit,23733.94
3608,737,29-11-2023,Restaurant bill,Dining Out,192.89,Credit,23926.83
3609,900,29-12-2023,Movie or concert ticket,Entertainment,189.84,Credit,24116.67
3610,366,09-02-2024,Grocery shopping,Groceries,-313.16,Debit,23803.51
3611,160,13-12-2023,Movie or concert ticket,Entertainment,-180.77,Debit,23622.74
3612,566,03-05-2024,Monthly rent payment,Rent,-434.55,Debit,23188.19
3613,168,12-02-2024,Uber ride or fuel,Transport,-59.64,Debit,23128.55
3614,137,30-11-2023,Transferred to savings account,Savings,-128.68,Debit,22999.87
3615,936,29-03-2024,Grocery shopping,Groceries,-461.96,Debit,22537.91
3616,480,11-09-2023,Grocery shopping,Groceries,423.08,Credit,22960.99
3617,535,03-01-2024,Movie or concert ticket,Entertainment,462.79,Credit,23423.78
3618,932,10-07-2024,Monthly rent payment,Rent,-310.63,Debit,23113.15
3619,86,27-11-2023,Transferred to savings account,Savings,31.6,Credit,23144.75
3620,38,23-05-2024,Transferred to savings account,Savings,-312.48,Debit,22832.27
3621,65,12-07-2024,Movie or concert ticket,Entertainment,-327.82,Debit,22504.45
3622,92,04-11-2023,Restaurant bill,Dining Out,-417.88,Debit,22086.57
3623,379,30-09-2023,Monthly rent payment,Rent,-165.01,Debit,21921.56
3624,556,26-07-2024,Transferred to savings account,Savings,414.45,Credit,22336.01
3625,944,18-07-2024,Grocery shopping,Groceries,-136.59,Debit,22199.42
3626,285,19-02-2024,Doctor visit or medication,Healthcare,96.44,Credit,22295.86
3627,659,07-03-2024,Grocery shopping,Groceries,390.91,Credit,22686.77
3628,796,06-08-2024,Uber ride or fuel,Transport,386.52,Credit,23073.29
3629,617,15-08-2023,Grocery shopping,Groceries,-124.41,Debit,22948.88
3630,972,14-08-2023,Uber ride or fuel,Transport,131.47,Credit,23080.35
3631,716,27-08-2023,Movie or concert ticket,Entertainment,71.09,Credit,23151.44
3632,601,29-07-2024,Transferred to savings account,Savings,-132.04,Debit,23019.4
3633,303,29-05-2024,Doctor visit or medication,Healthcare,-422.47,Debit,22596.93
3634,887,02-03-2024,Doctor visit or medication,Healthcare,245.61,Credit,22842.54
3635,598,07-04-2024,Utility bill payment,Utilities,304.23,Credit,23146.77
3636,50,01-08-2024,Movie or concert ticket,Entertainment,499.54,Credit,23646.31
3637,514,10-02-2024,Monthly rent payment,Rent,137.63,Credit,23783.94
3638,670,25-08-2023,Uber ride or fuel,Transport,-258.87,Debit,23525.07
3639,910,31-10-2023,Movie or concert ticket,Entertainment,-191.41,Debit,23333.66
3640,760,11-04-2024,Restaurant bill,Dining Out,-468.88,Debit,22864.78
3641,535,22-03-2024,Restaurant bill,Dining Out,338.53,Credit,23203.31
3642,878,16-12-2023,Monthly rent payment,Rent,91.12,Credit,23294.43
3643,129,07-02-2024,Grocery shopping,Groceries,-67.51,Debit,23226.92
3644,676,30-06-2024,Movie or concert ticket,Entertainment,171.77,Credit,23398.69
3645,708,08-11-2023,Doctor visit or medication,Healthcare,-154.03,Debit,23244.66
3646,224,26-06-2024,Monthly rent payment,Rent,-350.58,Debit,22894.08
3647,282,26-09-2023,Uber ride or fuel,Transport,-341.61,Debit,22552.47
3648,59,17-02-2024,Transferred to savings account,Savings,469.1,Credit,23021.57
3649,72,01-07-2024,Movie or concert ticket,Entertainment,262.16,Credit,23283.73
3650,279,06-08-2024,Transferred to savings account,Savings,-372.27,Debit,22911.46
3651,291,06-05-2024,Utility bill payment,Utilities,-94.75,Debit,22816.71
3652,418,23-02-2024,Utility bill payment,Utilities,32.4,Credit,22849.11
3653,152,11-12-2023,Doctor visit or medication,Healthcare,343.87,Credit,23192.98
3654,792,31-01-2024,Movie or concert ticket,Entertainment,-435.46,Debit,22757.52
3655,613,24-04-2024,Transferred to savings account,Savings,-312.04,Debit,22445.48
3656,571,22-08-2023,Restaurant bill,Dining Out,257.45,Credit,22702.93
3657,350,08-09-2023,Doctor visit or medication,Healthcare,-415.82,Debit,22287.11
3658,860,10-10-2023,Restaurant bill,Dining Out,143.67,Credit,22430.78
3659,955,21-03-2024,Restaurant bill,Dining Out,-255.01,Debit,22175.77
3660,717,16-11-2023,Transferred to savings account,Savings,66.84,Credit,22242.61
3661,612,28-03-2024,Movie or concert ticket,Entertainment,121.39,Credit,22364
3662,552,16-06-2024,Movie or concert ticket,Entertainment,-131.69,Debit,22232.31
3663,822,29-08-2023,Doctor visit or medication,Healthcare,-170.11,Debit,22062.2
3664,965,25-10-2023,Movie or concert ticket,Entertainment,446.12,Credit,22508.32
3665,489,22-02-2024,Utility bill payment,Utilities,-193.74,Debit,22314.58
3666,83,12-10-2023,Restaurant bill,Dining Out,403.73,Credit,22718.31
3667,799,24-06-2024,Uber ride or fuel,Transport,415.17,Credit,23133.48
3668,387,29-02-2024,Utility bill payment,Utilities,-133.88,Debit,22999.6
3669,474,30-06-2024,Grocery shopping,Groceries,280.96,Credit,23280.56
3670,351,31-10-2023,Restaurant bill,Dining Out,346.17,Credit,23626.73
3671,969,27-08-2023,Grocery shopping,Groceries,429.98,Credit,24056.71
3672,425,29-05-2024,Doctor visit or medication,Healthcare,-115.17,Debit,23941.54
3673,94,25-03-2024,Movie or concert ticket,Entertainment,195.38,Credit,24136.92
3674,321,10-07-2024,Doctor visit or medication,Healthcare,434.9,Credit,24571.82
3675,82,16-07-2024,Utility bill payment,Utilities,-248.11,Debit,24323.71
3676,794,15-12-2023,Movie or concert ticket,Entertainment,-496.74,Debit,23826.97
3677,419,20-04-2024,Restaurant bill,Dining Out,-341.34,Debit,23485.63
3678,34,16-04-2024,Doctor visit or medication,Healthcare,-173.77,Debit,23311.86
3679,286,15-07-2024,Uber ride or fuel,Transport,94.97,Credit,23406.83
3680,681,18-02-2024,Doctor visit or medication,Healthcare,230.02,Credit,23636.85
3681,150,06-12-2023,Monthly rent payment,Rent,-64.81,Debit,23572.04
3682,984,22-02-2024,Uber ride or fuel,Transport,-89.94,Debit,23482.1
3683,280,03-09-2023,Movie or concert ticket,Entertainment,53.71,Credit,23535.81
3684,817,12-08-2024,Grocery shopping,Groceries,472.1,Credit,24007.91
3685,471,14-11-2023,Movie or concert ticket,Entertainment,-402.58,Debit,23605.33
3686,511,30-05-2024,Doctor visit or medication,Healthcare,-221.24,Debit,23384.09
3687,464,06-06-2024,Grocery shopping,Groceries,174.85,Credit,23558.94
3688,857,06-06-2024,Uber ride or fuel,Transport,-184.58,Debit,23374.36
3689,296,21-11-2023,Uber ride or fuel,Transport,-293.42,Debit,23080.94
3690,153,18-06-2024,Transferred to savings account,Savings,-36.62,Debit,23044.32
3691,767,18-01-2024,Uber ride or fuel,Transport,31.19,Credit,23075.51
3692,811,20-04-2024,Doctor visit or medication,Healthcare,-21.19,Debit,23054.32
3693,479,12-12-2023,Utility bill payment,Utilities,-288.87,Debit,22765.45
3694,871,19-07-2024,Grocery shopping,Groceries,-137.57,Debit,22627.88
3695,700,21-07-2024,Monthly rent payment,Rent,77.86,Credit,22705.74
3696,756,01-01-2024,Grocery shopping,Groceries,-184.61,Debit,22521.13
3697,527,09-06-2024,Restaurant bill,Dining Out,-419.28,Debit,22101.85
3698,908,28-10-2023,Transferred to savings account,Savings,153.97,Credit,22255.82
3699,306,11-02-2024,Transferred to savings account,Savings,-351.29,Debit,21904.53
3700,528,28-11-2023,Uber ride or fuel,Transport,-291.57,Debit,21612.96
3701,178,27-11-2023,Transferred to savings account,Savings,104.47,Credit,21717.43
3702,362,22-08-2023,Grocery shopping,Groceries,403.25,Credit,22120.68
3703,154,30-01-2024,Restaurant bill,Dining Out,-262.39,Debit,21858.29
3704,259,03-01-2024,Monthly rent payment,Rent,239.14,Credit,22097.43
3705,410,22-12-2023,Monthly rent payment,Rent,-279.55,Debit,21817.88
3706,636,22-08-2023,Uber ride or fuel,Transport,-466.6,Debit,21351.28
3707,119,10-09-2023,Restaurant bill,Dining Out,130.32,Credit,21481.6
3708,378,19-01-2024,Monthly rent payment,Rent,-156.63,Debit,21324.97
3709,197,18-01-2024,Doctor visit or medication,Healthcare,-9.41,Debit,21315.56
3710,293,29-12-2023,Grocery shopping,Groceries,-172.78,Debit,21142.78
3711,558,08-01-2024,Grocery shopping,Groceries,481.64,Credit,21624.42
3712,313,10-06-2024,Grocery shopping,Groceries,330.37,Credit,21954.79
3713,517,07-01-2024,Uber ride or fuel,Transport,392.53,Credit,22347.32
3714,597,28-06-2024,Movie or concert ticket,Entertainment,39.09,Credit,22386.41
3715,128,05-11-2023,Movie or concert ticket,Entertainment,-478.63,Debit,21907.78
3716,803,18-11-2023,Monthly rent payment,Rent,129.92,Credit,22037.7
3717,604,02-10-2023,Restaurant bill,Dining Out,-124.83,Debit,21912.87
3718,928,30-10-2023,Movie or concert ticket,Entertainment,-343.22,Debit,21569.65
3719,750,27-02-2024,Utility bill payment,Utilities,227.47,Credit,21797.12
3720,976,31-10-2023,Doctor visit or medication,Healthcare,410.28,Credit,22207.4
3721,650,19-04-2024,Transferred to savings account,Savings,132.19,Credit,22339.59
3722,692,18-02-2024,Transferred to savings account,Savings,310.72,Credit,22650.31
3723,857,15-04-2024,Transferred to savings account,Savings,477.35,Credit,23127.66
3724,871,04-06-2024,Restaurant bill,Dining Out,79.8,Credit,23207.46
3725,681,13-09-2023,Monthly rent payment,Rent,137.36,Credit,23344.82
3726,517,06-04-2024,Monthly rent payment,Rent,127.09,Credit,23471.91
3727,103,29-06-2024,Monthly rent payment,Rent,113.42,Credit,23585.33
3728,353,21-02-2024,Uber ride or fuel,Transport,395.77,Credit,23981.1
3729,341,26-05-2024,Grocery shopping,Groceries,-480.02,Debit,23501.08
3730,122,22-04-2024,Transferred to savings account,Savings,499.42,Credit,24000.5
3731,857,04-11-2023,Restaurant bill,Dining Out,-148.61,Debit,23851.89
3732,201,23-08-2023,Transferred to savings account,Savings,94.78,Credit,23946.67
3733,110,18-12-2023,Utility bill payment,Utilities,144.64,Credit,24091.31
3734,868,08-03-2024,Transferred to savings account,Savings,474.5,Credit,24565.81
3735,875,13-07-2024,Doctor visit or medication,Healthcare,190.88,Credit,24756.69
3736,263,09-09-2023,Transferred to savings account,Savings,206.75,Credit,24963.44
3737,478,22-06-2024,Utility bill payment,Utilities,-482.25,Debit,24481.19
3738,667,14-06-2024,Movie or concert ticket,Entertainment,-251.59,Debit,24229.6
3739,751,02-08-2024,Movie or concert ticket,Entertainment,-447.48,Debit,23782.12
3740,485,28-07-2024,Utility bill payment,Utilities,166.99,Credit,23949.11
3741,223,15-08-2023,Doctor visit or medication,Healthcare,338.51,Credit,24287.62
3742,916,29-05-2024,Movie or concert ticket,Entertainment,381.43,Credit,24669.05
3743,502,18-06-2024,Utility bill payment,Utilities,122.93,Credit,24791.98
3744,917,18-08-2023,Utility bill payment,Utilities,-348.95,Debit,24443.03
3745,969,03-10-2023,Utility bill payment,Utilities,47.35,Credit,24490.38
3746,156,12-10-2023,Doctor visit or medication,Healthcare,13.55,Credit,24503.93
3747,620,28-01-2024,Grocery shopping,Groceries,-339.67,Debit,24164.26
3748,351,01-06-2024,Utility bill payment,Utilities,100.3,Credit,24264.56
3749,570,28-11-2023,Grocery shopping,Groceries,-92.5,Debit,24172.06
3750,692,25-10-2023,Restaurant bill,Dining Out,-466.31,Debit,23705.75
3751,38,06-09-2023,Utility bill payment,Utilities,-266.03,Debit,23439.72
3752,173,08-04-2024,Monthly rent payment,Rent,-355.46,Debit,23084.26
3753,662,19-02-2024,Monthly rent payment,Rent,370.47,Credit,23454.73
3754,721,12-11-2023,Doctor visit or medication,Healthcare,-293.51,Debit,23161.22
3755,729,28-11-2023,Grocery shopping,Groceries,-75.72,Debit,23085.5
3756,461,22-02-2024,Uber ride or fuel,Transport,-447.92,Debit,22637.58
3757,1,20-04-2024,Grocery shopping,Groceries,108.18,Credit,22745.76
3758,646,19-04-2024,Monthly rent payment,Rent,487.02,Credit,23232.78
3759,218,09-10-2023,Doctor visit or medication,Healthcare,478.31,Credit,23711.09
3760,128,23-01-2024,Grocery shopping,Groceries,295.45,Credit,24006.54
3761,486,30-07-2024,Doctor visit or medication,Healthcare,-76.7,Debit,23929.84
3762,795,14-04-2024,Doctor visit or medication,Healthcare,-338.29,Debit,23591.55
3763,987,03-08-2024,Utility bill payment,Utilities,182.54,Credit,23774.09
3764,643,07-03-2024,Movie or concert ticket,Entertainment,384.19,Credit,24158.28
3765,37,15-06-2024,Restaurant bill,Dining Out,380.93,Credit,24539.21
3766,516,06-02-2024,Restaurant bill,Dining Out,59.02,Credit,24598.23
3767,463,19-03-2024,Movie or concert ticket,Entertainment,173.67,Credit,24771.9
3768,82,30-07-2024,Grocery shopping,Groceries,373.79,Credit,25145.69
3769,686,25-10-2023,Grocery shopping,Groceries,174.84,Credit,25320.53
3770,618,30-04-2024,Transferred to savings account,Savings,-348.73,Debit,24971.8
3771,144,05-12-2023,Uber ride or fuel,Transport,298.46,Credit,25270.26
3772,459,15-08-2023,Restaurant bill,Dining Out,341.76,Credit,25612.02
3773,298,02-01-2024,Grocery shopping,Groceries,441.09,Credit,26053.11
3774,577,15-09-2023,Grocery shopping,Groceries,190.21,Credit,26243.32
3775,527,12-04-2024,Grocery shopping,Groceries,131.47,Credit,26374.79
3776,979,12-04-2024,Uber ride or fuel,Transport,85.31,Credit,26460.1
3777,260,24-04-2024,Uber ride or fuel,Transport,-91.07,Debit,26369.03
3778,633,23-02-2024,Doctor visit or medication,Healthcare,-293.68,Debit,26075.35
3779,351,04-10-2023,Movie or concert ticket,Entertainment,-182.14,Debit,25893.21
3780,528,08-10-2023,Transferred to savings account,Savings,-207.48,Debit,25685.73
3781,396,02-10-2023,Monthly rent payment,Rent,-252.64,Debit,25433.09
3782,243,12-05-2024,Uber ride or fuel,Transport,403.27,Credit,25836.36
3783,75,05-06-2024,Doctor visit or medication,Healthcare,-281.82,Debit,25554.54
3784,270,06-06-2024,Monthly rent payment,Rent,486.14,Credit,26040.68
3785,772,24-02-2024,Utility bill payment,Utilities,-193.02,Debit,25847.66
3786,215,14-12-2023,Transferred to savings account,Savings,233.47,Credit,26081.13
3787,133,01-07-2024,Grocery shopping,Groceries,294.5,Credit,26375.63
3788,5,22-04-2024,Restaurant bill,Dining Out,-458.12,Debit,25917.51
3789,552,02-01-2024,Utility bill payment,Utilities,-278.61,Debit,25638.9
3790,19,30-06-2024,Transferred to savings account,Savings,-390.85,Debit,25248.05
3791,391,13-08-2023,Utility bill payment,Utilities,197.2,Credit,25445.25
3792,804,14-03-2024,Grocery shopping,Groceries,478.53,Credit,25923.78
3793,225,01-09-2023,Transferred to savings account,Savings,-385.69,Debit,25538.09
3794,548,15-03-2024,Movie or concert ticket,Entertainment,475.36,Credit,26013.45
3795,358,18-05-2024,Monthly rent payment,Rent,-116.72,Debit,25896.73
3796,871,15-08-2023,Uber ride or fuel,Transport,376.01,Credit,26272.74
3797,39,14-11-2023,Transferred to savings account,Savings,-128.65,Debit,26144.09
3798,111,18-05-2024,Restaurant bill,Dining Out,453.02,Credit,26597.11
3799,133,02-01-2024,Grocery shopping,Groceries,166.74,Credit,26763.85
3800,405,05-01-2024,Movie or concert ticket,Entertainment,76.16,Credit,26840.01
3801,664,03-02-2024,Monthly rent payment,Rent,183.92,Credit,27023.93
3802,41,03-01-2024,Uber ride or fuel,Transport,350.33,Credit,27374.26
3803,820,13-02-2024,Movie or concert ticket,Entertainment,-245.33,Debit,27128.93
3804,151,06-03-2024,Monthly rent payment,Rent,-31.26,Debit,27097.67
3805,322,19-06-2024,Monthly rent payment,Rent,-428.96,Debit,26668.71
3806,591,06-01-2024,Grocery shopping,Groceries,116.57,Credit,26785.28
3807,177,26-11-2023,Uber ride or fuel,Transport,-253.23,Debit,26532.05
3808,790,02-11-2023,Uber ride or fuel,Transport,-37.15,Debit,26494.9
3809,851,24-05-2024,Utility bill payment,Utilities,-281.35,Debit,26213.55
3810,716,14-07-2024,Doctor visit or medication,Healthcare,-278.1,Debit,25935.45
3811,486,15-11-2023,Doctor visit or medication,Healthcare,320.47,Credit,26255.92
3812,759,13-02-2024,Uber ride or fuel,Transport,-225.53,Debit,26030.39
3813,537,30-08-2023,Grocery shopping,Groceries,169.8,Credit,26200.19
3814,226,21-10-2023,Restaurant bill,Dining Out,437.68,Credit,26637.87
3815,80,23-02-2024,Grocery shopping,Groceries,-196.14,Debit,26441.73
3816,161,20-12-2023,Transferred to savings account,Savings,141.38,Credit,26583.11
3817,79,21-04-2024,Utility bill payment,Utilities,84.68,Credit,26667.79
3818,904,11-08-2024,Uber ride or fuel,Transport,-324.63,Debit,26343.16
3819,829,21-04-2024,Utility bill payment,Utilities,-439.07,Debit,25904.09
3820,171,10-01-2024,Movie or concert ticket,Entertainment,-147.5,Debit,25756.59
3821,509,21-06-2024,Monthly rent payment,Rent,120.67,Credit,25877.26
3822,600,12-08-2024,Movie or concert ticket,Entertainment,-462.13,Debit,25415.13
3823,789,28-01-2024,Doctor visit or medication,Healthcare,-324.61,Debit,25090.52
3824,455,27-09-2023,Doctor visit or medication,Healthcare,-497.81,Debit,24592.71
3825,773,08-08-2024,Uber ride or fuel,Transport,128.06,Credit,24720.77
3826,548,08-03-2024,Transferred to savings account,Savings,-380.65,Debit,24340.12
3827,533,17-07-2024,Movie or concert ticket,Entertainment,-74.02,Debit,24266.1
3828,484,24-11-2023,Grocery shopping,Groceries,383.65,Credit,24649.75
3829,980,12-09-2023,Uber ride or fuel,Transport,282.58,Credit,24932.33
3830,900,10-04-2024,Uber ride or fuel,Transport,-34.05,Debit,24898.28
3831,528,12-01-2024,Transferred to savings account,Savings,245.61,Credit,25143.89
3832,941,21-09-2023,Utility bill payment,Utilities,-257.63,Debit,24886.26
3833,790,19-04-2024,Grocery shopping,Groceries,-328.32,Debit,24557.94
3834,562,07-01-2024,Restaurant bill,Dining Out,-497.13,Debit,24060.81
3835,595,02-11-2023,Monthly rent payment,Rent,200.01,Credit,24260.82
3836,804,27-09-2023,Monthly rent payment,Rent,-245.44,Debit,24015.38
3837,905,02-09-2023,Monthly rent payment,Rent,-99.69,Debit,23915.69
3838,568,08-11-2023,Grocery shopping,Groceries,-93.41,Debit,23822.28
3839,452,12-01-2024,Uber ride or fuel,Transport,-288.06,Debit,23534.22
3840,700,13-07-2024,Transferred to savings account,Savings,397.07,Credit,23931.29
3841,187,24-09-2023,Transferred to savings account,Savings,377.89,Credit,24309.18
3842,344,18-07-2024,Doctor visit or medication,Healthcare,432.05,Credit,24741.23
3843,99,01-08-2024,Monthly rent payment,Rent,-371.19,Debit,24370.04
3844,372,04-03-2024,Doctor visit or medication,Healthcare,-267.26,Debit,24102.78
3845,793,29-05-2024,Grocery shopping,Groceries,461.75,Credit,24564.53
3846,211,10-01-2024,Doctor visit or medication,Healthcare,-214.5,Debit,24350.03
3847,698,15-02-2024,Uber ride or fuel,Transport,-378.28,Debit,23971.75
3848,649,23-06-2024,Utility bill payment,Utilities,255.59,Credit,24227.34
3849,855,29-12-2023,Monthly rent payment,Rent,71.45,Credit,24298.79
3850,266,13-04-2024,Grocery shopping,Groceries,456.53,Credit,24755.32
3851,829,29-12-2023,Movie or concert ticket,Entertainment,-497.32,Debit,24258
3852,775,03-04-2024,Restaurant bill,Dining Out,50.05,Credit,24308.05
3853,417,30-12-2023,Grocery shopping,Groceries,-150.78,Debit,24157.27
3854,144,09-07-2024,Transferred to savings account,Savings,-300.54,Debit,23856.73
3855,618,29-08-2023,Restaurant bill,Dining Out,340.27,Credit,24197
3856,10,23-08-2023,Transferred to savings account,Savings,-61.46,Debit,24135.54
3857,735,01-11-2023,Doctor visit or medication,Healthcare,47.19,Credit,24182.73
3858,268,24-03-2024,Monthly rent payment,Rent,357.02,Credit,24539.75
3859,568,17-03-2024,Movie or concert ticket,Entertainment,-334.23,Debit,24205.52
3860,88,01-05-2024,Restaurant bill,Dining Out,386.68,Credit,24592.2
3861,129,19-05-2024,Uber ride or fuel,Transport,493.85,Credit,25086.05
3862,469,10-09-2023,Uber ride or fuel,Transport,437.36,Credit,25523.41
3863,583,26-06-2024,Utility bill payment,Utilities,-89.52,Debit,25433.89
3864,873,25-02-2024,Doctor visit or medication,Healthcare,-233.74,Debit,25200.15
3865,937,18-08-2023,Uber ride or fuel,Transport,488.56,Credit,25688.71
3866,853,09-11-2023,Doctor visit or medication,Healthcare,427.34,Credit,26116.05
3867,819,08-07-2024,Doctor visit or medication,Healthcare,-443.19,Debit,25672.86
3868,232,16-09-2023,Uber ride or fuel,Transport,379.64,Credit,26052.5
3869,739,01-08-2024,Uber ride or fuel,Transport,-306.09,Debit,25746.41
3870,243,26-12-2023,Transferred to savings account,Savings,-272.9,Debit,25473.51
3871,634,05-02-2024,Restaurant bill,Dining Out,-418.49,Debit,25055.02
3872,349,14-05-2024,Utility bill payment,Utilities,-145.71,Debit,24909.31
3873,742,27-02-2024,Movie or concert ticket,Entertainment,-420.35,Debit,24488.96
3874,608,19-04-2024,Movie or concert ticket,Entertainment,149.02,Credit,24637.98
3875,425,02-07-2024,Grocery shopping,Groceries,-314.8,Debit,24323.18
3876,679,09-03-2024,Utility bill payment,Utilities,57.07,Credit,24380.25
3877,707,16-02-2024,Uber ride or fuel,Transport,-375.77,Debit,24004.48
3878,384,22-04-2024,Movie or concert ticket,Entertainment,-282.25,Debit,23722.23
3879,826,18-04-2024,Doctor visit or medication,Healthcare,-170.93,Debit,23551.3
3880,685,16-11-2023,Monthly rent payment,Rent,-431.84,Debit,23119.46
3881,336,07-09-2023,Monthly rent payment,Rent,-426.75,Debit,22692.71
3882,928,24-11-2023,Grocery shopping,Groceries,-160.59,Debit,22532.12
3883,495,29-02-2024,Transferred to savings account,Savings,-344.77,Debit,22187.35
3884,52,12-08-2024,Grocery shopping,Groceries,-344.91,Debit,21842.44
3885,472,27-12-2023,Monthly rent payment,Rent,465.78,Credit,22308.22
3886,370,03-11-2023,Utility bill payment,Utilities,70.34,Credit,22378.56
3887,707,03-05-2024,Restaurant bill,Dining Out,107.01,Credit,22485.57
3888,741,28-08-2023,Grocery shopping,Groceries,471.82,Credit,22957.39
3889,678,26-10-2023,Utility bill payment,Utilities,387.7,Credit,23345.09
3890,20,24-02-2024,Utility bill payment,Utilities,386.09,Credit,23731.18
3891,610,08-12-2023,Utility bill payment,Utilities,225.82,Credit,23957
3892,16,14-04-2024,Monthly rent payment,Rent,116.85,Credit,24073.85
3893,362,05-02-2024,Grocery shopping,Groceries,403.63,Credit,24477.48
3894,870,15-07-2024,Utility bill payment,Utilities,-359.83,Debit,24117.65
3895,196,14-12-2023,Doctor visit or medication,Healthcare,335.18,Credit,24452.83
3896,353,27-02-2024,Movie or concert ticket,Entertainment,314.94,Credit,24767.77
3897,812,25-02-2024,Movie or concert ticket,Entertainment,-101.98,Debit,24665.79
3898,418,13-09-2023,Utility bill payment,Utilities,-216.06,Debit,24449.73
3899,585,22-02-2024,Grocery shopping,Groceries,242.24,Credit,24691.97
3900,22,09-11-2023,Utility bill payment,Utilities,432.18,Credit,25124.15
3901,928,22-10-2023,Utility bill payment,Utilities,-71.48,Debit,25052.67
3902,27,18-11-2023,Monthly rent payment,Rent,448.75,Credit,25501.42
3903,475,28-12-2023,Uber ride or fuel,Transport,16.52,Credit,25517.94
3904,708,11-08-2024,Restaurant bill,Dining Out,-75.37,Debit,25442.57
3905,71,14-08-2023,Movie or concert ticket,Entertainment,-9.82,Debit,25432.75
3906,753,15-11-2023,Doctor visit or medication,Healthcare,-498.55,Debit,24934.2
3907,519,19-11-2023,Utility bill payment,Utilities,-338.2,Debit,24596
3908,86,04-07-2024,Doctor visit or medication,Healthcare,-452.9,Debit,24143.1
3909,25,19-07-2024,Uber ride or fuel,Transport,386.91,Credit,24530.01
3910,971,16-04-2024,Restaurant bill,Dining Out,-440.9,Debit,24089.11
3911,755,06-09-2023,Utility bill payment,Utilities,-199.21,Debit,23889.9
3912,958,01-09-2023,Restaurant bill,Dining Out,-330.64,Debit,23559.26
3913,762,31-05-2024,Monthly rent payment,Rent,-275.27,Debit,23283.99
3914,729,10-02-2024,Grocery shopping,Groceries,-204.48,Debit,23079.51
3915,742,01-11-2023,Transferred to savings account,Savings,-495.58,Debit,22583.93
3916,697,25-09-2023,Doctor visit or medication,Healthcare,148.13,Credit,22732.06
3917,472,21-12-2023,Utility bill payment,Utilities,463.85,Credit,23195.91
3918,895,10-04-2024,Restaurant bill,Dining Out,-237.73,Debit,22958.18
3919,343,10-09-2023,Monthly rent payment,Rent,251.44,Credit,23209.62
3920,567,29-11-2023,Movie or concert ticket,Entertainment,78.56,Credit,23288.18
3921,660,10-09-2023,Restaurant bill,Dining Out,-417.92,Debit,22870.26
3922,573,27-12-2023,Monthly rent payment,Rent,-398.21,Debit,22472.05
3923,238,12-03-2024,Restaurant bill,Dining Out,255.16,Credit,22727.21
3924,662,25-08-2023,Doctor visit or medication,Healthcare,-216.25,Debit,22510.96
3925,81,07-09-2023,Transferred to savings account,Savings,121.5,Credit,22632.46
3926,89,13-06-2024,Uber ride or fuel,Transport,-296.5,Debit,22335.96
3927,601,28-12-2023,Transferred to savings account,Savings,-273.52,Debit,22062.44
3928,83,21-02-2024,Doctor visit or medication,Healthcare,201.31,Credit,22263.75
3929,640,10-06-2024,Uber ride or fuel,Transport,200.61,Credit,22464.36
3930,568,15-02-2024,Uber ride or fuel,Transport,-84.71,Debit,22379.65
3931,438,13-06-2024,Uber ride or fuel,Transport,-219.53,Debit,22160.12
3932,64,17-09-2023,Restaurant bill,Dining Out,479.77,Credit,22639.89
3933,463,18-12-2023,Utility bill payment,Utilities,403.7,Credit,23043.59
3934,842,13-09-2023,Uber ride or fuel,Transport,44.95,Credit,23088.54
3935,294,01-09-2023,Restaurant bill,Dining Out,354.05,Credit,23442.59
3936,208,06-12-2023,Transferred to savings account,Savings,206.92,Credit,23649.51
3937,200,28-05-2024,Utility bill payment,Utilities,-243.44,Debit,23406.07
3938,927,09-04-2024,Utility bill payment,Utilities,-192.83,Debit,23213.24
3939,233,19-01-2024,Monthly rent payment,Rent,-100.78,Debit,23112.46
3940,456,04-07-2024,Grocery shopping,Groceries,-445.49,Debit,22666.97
3941,645,12-11-2023,Monthly rent payment,Rent,189.34,Credit,22856.31
3942,983,12-02-2024,Movie or concert ticket,Entertainment,385.56,Credit,23241.87
3943,668,22-05-2024,Uber ride or fuel,Transport,-41,Debit,23200.87
3944,863,29-12-2023,Utility bill payment,Utilities,-199.61,Debit,23001.26
3945,145,15-09-2023,Uber ride or fuel,Transport,353.29,Credit,23354.55
3946,512,28-05-2024,Movie or concert ticket,Entertainment,-334.23,Debit,23020.32
3947,320,23-09-2023,Utility bill payment,Utilities,-274.3,Debit,22746.02
3948,579,13-07-2024,Transferred to savings account,Savings,201.49,Credit,22947.51
3949,245,26-08-2023,Utility bill payment,Utilities,-477.97,Debit,22469.54
3950,227,28-02-2024,Utility bill payment,Utilities,134.33,Credit,22603.87
3951,336,29-02-2024,Utility bill payment,Utilities,426.47,Credit,23030.34
3952,925,04-04-2024,Uber ride or fuel,Transport,162.73,Credit,23193.07
3953,826,06-02-2024,Monthly rent payment,Rent,-427.11,Debit,22765.96
3954,414,09-10-2023,Uber ride or fuel,Transport,21.63,Credit,22787.59
3955,21,08-06-2024,Uber ride or fuel,Transport,-120.24,Debit,22667.35
3956,269,25-02-2024,Utility bill payment,Utilities,-439.55,Debit,22227.8
3957,809,13-03-2024,Doctor visit or medication,Healthcare,163.23,Credit,22391.03
3958,661,30-03-2024,Doctor visit or medication,Healthcare,434.47,Credit,22825.5
3959,256,28-11-2023,Monthly rent payment,Rent,169.3,Credit,22994.8
3960,349,25-12-2023,Monthly rent payment,Rent,265.63,Credit,23260.43
3961,540,21-04-2024,Restaurant bill,Dining Out,37.81,Credit,23298.24
3962,632,18-06-2024,Monthly rent payment,Rent,220.99,Credit,23519.23
3963,482,02-01-2024,Transferred to savings account,Savings,199.26,Credit,23718.49
3964,495,30-12-2023,Uber ride or fuel,Transport,81.67,Credit,23800.16
3965,746,22-09-2023,Restaurant bill,Dining Out,122.52,Credit,23922.68
3966,425,09-09-2023,Uber ride or fuel,Transport,212.39,Credit,24135.07
3967,384,08-03-2024,Grocery shopping,Groceries,-272.44,Debit,23862.63
3968,839,18-06-2024,Uber ride or fuel,Transport,484.84,Credit,24347.47
3969,984,28-01-2024,Utility bill payment,Utilities,274.5,Credit,24621.97
3970,514,04-04-2024,Restaurant bill,Dining Out,321.71,Credit,24943.68
3971,367,15-06-2024,Uber ride or fuel,Transport,435.43,Credit,25379.11
3972,117,11-05-2024,Movie or concert ticket,Entertainment,302.37,Credit,25681.48
3973,816,03-11-2023,Transferred to savings account,Savings,-146.97,Debit,25534.51
3974,192,09-08-2024,Transferred to savings account,Savings,415.14,Credit,25949.65
3975,534,18-01-2024,Restaurant bill,Dining Out,201.99,Credit,26151.64
3976,528,08-12-2023,Utility bill payment,Utilities,-172.06,Debit,25979.58
3977,9,13-08-2023,Restaurant bill,Dining Out,399.14,Credit,26378.72
3978,619,21-10-2023,Restaurant bill,Dining Out,-245.54,Debit,26133.18
3979,257,28-11-2023,Grocery shopping,Groceries,451.33,Credit,26584.51
3980,611,08-12-2023,Grocery shopping,Groceries,425.6,Credit,27010.11
3981,539,15-12-2023,Transferred to savings account,Savings,-183.38,Debit,26826.73
3982,1000,03-10-2023,Movie or concert ticket,Entertainment,127.68,Credit,26954.41
3983,209,05-10-2023,Grocery shopping,Groceries,319.07,Credit,27273.48
3984,952,03-02-2024,Transferred to savings account,Savings,-65.38,Debit,27208.1
3985,649,24-04-2024,Restaurant bill,Dining Out,277.97,Credit,27486.07
3986,462,01-10-2023,Movie or concert ticket,Entertainment,125.52,Credit,27611.59
3987,621,25-09-2023,Transferred to savings account,Savings,121.59,Credit,27733.18
3988,756,15-04-2024,Utility bill payment,Utilities,42.46,Credit,27775.64
3989,857,19-04-2024,Grocery shopping,Groceries,495.69,Credit,28271.33
3990,487,06-12-2023,Movie or concert ticket,Entertainment,304.31,Credit,28575.64
3991,405,24-02-2024,Movie or concert ticket,Entertainment,471.33,Credit,29046.97
3992,984,26-10-2023,Grocery shopping,Groceries,414.71,Credit,29461.68
3993,122,08-12-2023,Movie or concert ticket,Entertainment,-229.76,Debit,29231.92
3994,917,06-08-2024,Transferred to savings account,Savings,-379.16,Debit,28852.76
3995,948,29-02-2024,Doctor visit or medication,Healthcare,213.92,Credit,29066.68
3996,928,01-11-2023,Monthly rent payment,Rent,466.57,Credit,29533.25
3997,930,02-05-2024,Grocery shopping,Groceries,-37.19,Debit,29496.06
3998,212,06-01-2024,Utility bill payment,Utilities,-480.36,Debit,29015.7
3999,434,01-04-2024,Utility bill payment,Utilities,-24.53,Debit,28991.17
4000,52,28-10-2023,Transferred to savings account,Savings,-111.64,Debit,28879.53
4001,69,27-06-2024,Transferred to savings account,Savings,111.34,Credit,28990.87
4002,294,18-01-2024,Uber ride or fuel,Transport,-103.37,Debit,28887.5
4003,321,25-04-2024,Grocery shopping,Groceries,-209.11,Debit,28678.39
4004,525,19-12-2023,Utility bill payment,Utilities,-260.55,Debit,28417.84
4005,993,23-08-2023,Restaurant bill,Dining Out,93.62,Credit,28511.46
4006,4,25-07-2024,Grocery shopping,Groceries,423.2,Credit,28934.66
4007,722,18-02-2024,Doctor visit or medication,Healthcare,129.69,Credit,29064.35
4008,161,06-01-2024,Transferred to savings account,Savings,354.36,Credit,29418.71
4009,7,30-10-2023,Movie or concert ticket,Entertainment,-432.36,Debit,28986.35
4010,360,08-06-2024,Doctor visit or medication,Healthcare,-171.7,Debit,28814.65
4011,401,20-01-2024,Transferred to savings account,Savings,469.71,Credit,29284.36
4012,857,11-06-2024,Restaurant bill,Dining Out,-127.7,Debit,29156.66
4013,812,01-01-2024,Monthly rent payment,Rent,-387.51,Debit,28769.15
4014,598,23-10-2023,Transferred to savings account,Savings,-475.24,Debit,28293.91
4015,838,26-02-2024,Restaurant bill,Dining Out,490.48,Credit,28784.39
4016,393,05-03-2024,Transferred to savings account,Savings,-454.54,Debit,28329.85
4017,997,28-08-2023,Restaurant bill,Dining Out,-261.62,Debit,28068.23
4018,970,20-07-2024,Monthly rent payment,Rent,273.72,Credit,28341.95
4019,896,27-05-2024,Doctor visit or medication,Healthcare,260.75,Credit,28602.7
4020,660,10-11-2023,Grocery shopping,Groceries,-140.32,Debit,28462.38
4021,185,28-09-2023,Uber ride or fuel,Transport,442,Credit,28904.38
4022,667,13-08-2023,Doctor visit or medication,Healthcare,65.52,Credit,28969.9
4023,747,21-03-2024,Transferred to savings account,Savings,364.93,Credit,29334.83
4024,298,18-08-2023,Utility bill payment,Utilities,69.03,Credit,29403.86
4025,205,27-03-2024,Utility bill payment,Utilities,246.09,Credit,29649.95
4026,386,29-09-2023,Doctor visit or medication,Healthcare,146.32,Credit,29796.27
4027,184,01-04-2024,Grocery shopping,Groceries,44.95,Credit,29841.22
4028,281,30-01-2024,Grocery shopping,Groceries,-70.19,Debit,29771.03
4029,515,04-07-2024,Monthly rent payment,Rent,464.06,Credit,30235.09
4030,155,15-10-2023,Movie or concert ticket,Entertainment,388.27,Credit,30623.36
4031,634,03-04-2024,Transferred to savings account,Savings,-6.96,Debit,30616.4
4032,191,04-03-2024,Restaurant bill,Dining Out,104.15,Credit,30720.55
4033,536,09-02-2024,Restaurant bill,Dining Out,481.54,Credit,31202.09
4034,122,08-01-2024,Uber ride or fuel,Transport,-255.43,Debit,30946.66
4035,950,17-10-2023,Uber ride or fuel,Transport,440.57,Credit,31387.23
4036,497,11-01-2024,Monthly rent payment,Rent,479.7,Credit,31866.93
4037,174,13-04-2024,Monthly rent payment,Rent,-356.54,Debit,31510.39
4038,351,21-12-2023,Grocery shopping,Groceries,-467.89,Debit,31042.5
4039,77,02-01-2024,Restaurant bill,Dining Out,485.51,Credit,31528.01
4040,947,08-08-2024,Grocery shopping,Groceries,-230.35,Debit,31297.66
4041,397,03-10-2023,Utility bill payment,Utilities,300.24,Credit,31597.9
4042,961,15-06-2024,Monthly rent payment,Rent,-36.54,Debit,31561.36
4043,124,27-02-2024,Doctor visit or medication,Healthcare,96.77,Credit,31658.13
4044,863,31-01-2024,Restaurant bill,Dining Out,-188.75,Debit,31469.38
4045,285,04-07-2024,Restaurant bill,Dining Out,74.22,Credit,31543.6
4046,577,11-05-2024,Uber ride or fuel,Transport,354.14,Credit,31897.74
4047,772,24-07-2024,Movie or concert ticket,Entertainment,-496.65,Debit,31401.09
4048,929,10-10-2023,Restaurant bill,Dining Out,-154.21,Debit,31246.88
4049,870,19-10-2023,Grocery shopping,Groceries,-483.56,Debit,30763.32
4050,564,25-02-2024,Monthly rent payment,Rent,180.79,Credit,30944.11
4051,691,09-01-2024,Movie or concert ticket,Entertainment,227.72,Credit,31171.83
4052,331,28-12-2023,Transferred to savings account,Savings,-306.01,Debit,30865.82
4053,304,13-02-2024,Doctor visit or medication,Healthcare,-326.24,Debit,30539.58
4054,592,04-02-2024,Transferred to savings account,Savings,-56.93,Debit,30482.65
4055,856,10-05-2024,Movie or concert ticket,Entertainment,-178.78,Debit,30303.87
4056,971,05-12-2023,Transferred to savings account,Savings,145.19,Credit,30449.06
4057,334,18-06-2024,Doctor visit or medication,Healthcare,-437.21,Debit,30011.85
4058,486,18-12-2023,Uber ride or fuel,Transport,-479.19,Debit,29532.66
4059,240,21-07-2024,Grocery shopping,Groceries,-336.01,Debit,29196.65
4060,60,04-11-2023,Grocery shopping,Groceries,-333.24,Debit,28863.41
4061,282,01-09-2023,Monthly rent payment,Rent,-480.91,Debit,28382.5
4062,474,13-06-2024,Movie or concert ticket,Entertainment,-155.04,Debit,28227.46
4063,383,04-07-2024,Doctor visit or medication,Healthcare,461.33,Credit,28688.79
4064,429,28-12-2023,Utility bill payment,Utilities,-439.65,Debit,28249.14
4065,722,16-12-2023,Restaurant bill,Dining Out,-289.13,Debit,27960.01
4066,252,27-06-2024,Utility bill payment,Utilities,431.83,Credit,28391.84
4067,89,23-06-2024,Monthly rent payment,Rent,75.87,Credit,28467.71
4068,404,24-01-2024,Uber ride or fuel,Transport,446.19,Credit,28913.9
4069,800,25-12-2023,Transferred to savings account,Savings,24.35,Credit,28938.25
4070,285,12-02-2024,Utility bill payment,Utilities,-119.16,Debit,28819.09
4071,587,13-09-2023,Doctor visit or medication,Healthcare,-401.95,Debit,28417.14
4072,73,20-03-2024,Grocery shopping,Groceries,-349.52,Debit,28067.62
4073,420,27-11-2023,Utility bill payment,Utilities,-299.55,Debit,27768.07
4074,849,26-07-2024,Transferred to savings account,Savings,-67.48,Debit,27700.59
4075,134,01-09-2023,Utility bill payment,Utilities,296.93,Credit,27997.52
4076,275,22-01-2024,Monthly rent payment,Rent,-421.06,Debit,27576.46
4077,322,03-02-2024,Restaurant bill,Dining Out,-244.52,Debit,27331.94
4078,411,18-11-2023,Uber ride or fuel,Transport,5.31,Credit,27337.25
4079,731,16-03-2024,Monthly rent payment,Rent,306.45,Credit,27643.7
4080,220,11-08-2024,Monthly rent payment,Rent,-267.85,Debit,27375.85
4081,860,26-12-2023,Uber ride or fuel,Transport,-103.57,Debit,27272.28
4082,551,23-05-2024,Grocery shopping,Groceries,-408.58,Debit,26863.7
4083,670,10-09-2023,Movie or concert ticket,Entertainment,236.89,Credit,27100.59
4084,864,22-06-2024,Monthly rent payment,Rent,-478.45,Debit,26622.14
4085,979,02-10-2023,Restaurant bill,Dining Out,361.38,Credit,26983.52
4086,944,03-03-2024,Utility bill payment,Utilities,350.5,Credit,27334.02
4087,112,09-02-2024,Transferred to savings account,Savings,146.12,Credit,27480.14
4088,588,28-06-2024,Grocery shopping,Groceries,427,Credit,27907.14
4089,155,25-12-2023,Grocery shopping,Groceries,-105.17,Debit,27801.97
4090,973,27-05-2024,Movie or concert ticket,Entertainment,-166.55,Debit,27635.42
4091,15,03-06-2024,Monthly rent payment,Rent,384.96,Credit,28020.38
4092,206,13-06-2024,Restaurant bill,Dining Out,357.32,Credit,28377.7
4093,223,23-08-2023,Uber ride or fuel,Transport,66.44,Credit,28444.14
4094,904,23-11-2023,Uber ride or fuel,Transport,-423.57,Debit,28020.57
4095,161,22-06-2024,Transferred to savings account,Savings,60.72,Credit,28081.29
4096,10,09-02-2024,Restaurant bill,Dining Out,418.58,Credit,28499.87
4097,172,05-11-2023,Uber ride or fuel,Transport,-18.51,Debit,28481.36
4098,748,14-10-2023,Restaurant bill,Dining Out,-8.66,Debit,28472.7
4099,758,27-07-2024,Uber ride or fuel,Transport,285.15,Credit,28757.85
4100,637,13-01-2024,Restaurant bill,Dining Out,-436.86,Debit,28320.99
4101,569,01-03-2024,Doctor visit or medication,Healthcare,408.41,Credit,28729.4
4102,679,01-02-2024,Monthly rent payment,Rent,-8.93,Debit,28720.47
4103,376,20-12-2023,Doctor visit or medication,Healthcare,125.95,Credit,28846.42
4104,309,17-04-2024,Doctor visit or medication,Healthcare,253.47,Credit,29099.89
4105,756,26-10-2023,Grocery shopping,Groceries,-234.04,Debit,28865.85
4106,296,11-11-2023,Utility bill payment,Utilities,118.25,Credit,28984.1
4107,185,23-05-2024,Transferred to savings account,Savings,-122.15,Debit,28861.95
4108,75,09-07-2024,Grocery shopping,Groceries,-48.23,Debit,28813.72
4109,461,21-06-2024,Movie or concert ticket,Entertainment,494.82,Credit,29308.54
4110,526,01-02-2024,Transferred to savings account,Savings,160.1,Credit,29468.64
4111,383,17-07-2024,Restaurant bill,Dining Out,39.24,Credit,29507.88
4112,289,04-04-2024,Doctor visit or medication,Healthcare,-261.49,Debit,29246.39
4113,784,22-06-2024,Monthly rent payment,Rent,-174,Debit,29072.39
4114,880,03-09-2023,Utility bill payment,Utilities,316.94,Credit,29389.33
4115,61,08-10-2023,Movie or concert ticket,Entertainment,205.03,Credit,29594.36
4116,605,16-02-2024,Transferred to savings account,Savings,-46.59,Debit,29547.77
4117,555,03-10-2023,Movie or concert ticket,Entertainment,114.61,Credit,29662.38
4118,543,05-05-2024,Transferred to savings account,Savings,-228.96,Debit,29433.42
4119,279,30-12-2023,Grocery shopping,Groceries,-372.7,Debit,29060.72
4120,147,19-02-2024,Grocery shopping,Groceries,197.12,Credit,29257.84
4121,922,08-10-2023,Grocery shopping,Groceries,-434.78,Debit,28823.06
4122,172,15-05-2024,Doctor visit or medication,Healthcare,400.56,Credit,29223.62
4123,734,04-09-2023,Monthly rent payment,Rent,-230.89,Debit,28992.73
4124,427,11-06-2024,Transferred to savings account,Savings,300.81,Credit,29293.54
4125,875,27-04-2024,Grocery shopping,Groceries,105.13,Credit,29398.67
4126,384,01-12-2023,Doctor visit or medication,Healthcare,452.94,Credit,29851.61
4127,295,14-06-2024,Monthly rent payment,Rent,-407.06,Debit,29444.55
4128,839,25-07-2024,Monthly rent payment,Rent,-358.98,Debit,29085.57
4129,692,30-08-2023,Movie or concert ticket,Entertainment,150.22,Credit,29235.79
4130,252,05-04-2024,Restaurant bill,Dining Out,398.85,Credit,29634.64
4131,131,19-01-2024,Transferred to savings account,Savings,-372.42,Debit,29262.22
4132,791,21-09-2023,Uber ride or fuel,Transport,151.11,Credit,29413.33
4133,27,29-03-2024,Uber ride or fuel,Transport,-66.92,Debit,29346.41
4134,916,10-11-2023,Uber ride or fuel,Transport,-77.42,Debit,29268.99
4135,299,03-11-2023,Utility bill payment,Utilities,-431.67,Debit,28837.32
4136,702,30-10-2023,Movie or concert ticket,Entertainment,-443.25,Debit,28394.07
4137,145,18-05-2024,Grocery shopping,Groceries,-490.14,Debit,27903.93
4138,322,26-09-2023,Utility bill payment,Utilities,276.09,Credit,28180.02
4139,202,01-10-2023,Grocery shopping,Groceries,464.56,Credit,28644.58
4140,431,01-10-2023,Uber ride or fuel,Transport,455.3,Credit,29099.88
4141,567,03-02-2024,Doctor visit or medication,Healthcare,-51.69,Debit,29048.19
4142,403,14-04-2024,Doctor visit or medication,Healthcare,477.15,Credit,29525.34
4143,109,10-08-2024,Utility bill payment,Utilities,325.09,Credit,29850.43
4144,39,03-01-2024,Doctor visit or medication,Healthcare,134.24,Credit,29984.67
4145,190,05-02-2024,Monthly rent payment,Rent,-334.86,Debit,29649.81
4146,678,03-04-2024,Transferred to savings account,Savings,123.05,Credit,29772.86
4147,866,19-09-2023,Monthly rent payment,Rent,-402.36,Debit,29370.5
4148,127,14-07-2024,Grocery shopping,Groceries,167.58,Credit,29538.08
4149,497,23-07-2024,Uber ride or fuel,Transport,377.4,Credit,29915.48
4150,605,01-03-2024,Transferred to savings account,Savings,-378.15,Debit,29537.33
4151,966,24-03-2024,Monthly rent payment,Rent,-193.06,Debit,29344.27
4152,926,28-07-2024,Utility bill payment,Utilities,-366.11,Debit,28978.16
4153,400,11-05-2024,Restaurant bill,Dining Out,468.51,Credit,29446.67
4154,438,14-08-2023,Transferred to savings account,Savings,7.85,Credit,29454.52
4155,509,20-11-2023,Uber ride or fuel,Transport,-233.89,Debit,29220.63
4156,409,20-11-2023,Doctor visit or medication,Healthcare,-377.12,Debit,28843.51
4157,833,18-02-2024,Doctor visit or medication,Healthcare,60.09,Credit,28903.6
4158,625,05-12-2023,Transferred to savings account,Savings,-87.2,Debit,28816.4
4159,168,07-07-2024,Restaurant bill,Dining Out,-129.69,Debit,28686.71
4160,462,07-12-2023,Grocery shopping,Groceries,-437.52,Debit,28249.19
4161,334,07-04-2024,Transferred to savings account,Savings,128.65,Credit,28377.84
4162,979,07-02-2024,Grocery shopping,Groceries,-230.74,Debit,28147.1
4163,968,20-04-2024,Doctor visit or medication,Healthcare,36.11,Credit,28183.21
4164,820,17-10-2023,Restaurant bill,Dining Out,-492.92,Debit,27690.29
4165,483,22-04-2024,Utility bill payment,Utilities,206.09,Credit,27896.38
4166,485,15-07-2024,Doctor visit or medication,Healthcare,-338.05,Debit,27558.33
4167,414,13-09-2023,Monthly rent payment,Rent,263.4,Credit,27821.73
4168,689,11-05-2024,Grocery shopping,Groceries,49.96,Credit,27871.69
4169,720,04-04-2024,Transferred to savings account,Savings,-412.74,Debit,27458.95
4170,941,08-07-2024,Transferred to savings account,Savings,-352.96,Debit,27105.99
4171,332,06-10-2023,Restaurant bill,Dining Out,-423.74,Debit,26682.25
4172,286,23-10-2023,Restaurant bill,Dining Out,245.56,Credit,26927.81
4173,561,29-02-2024,Movie or concert ticket,Entertainment,-317.15,Debit,26610.66
4174,797,26-12-2023,Restaurant bill,Dining Out,274.54,Credit,26885.2
4175,165,25-03-2024,Restaurant bill,Dining Out,-382.81,Debit,26502.39
4176,173,09-06-2024,Restaurant bill,Dining Out,139.61,Credit,26642
4177,646,16-02-2024,Restaurant bill,Dining Out,-212.08,Debit,26429.92
4178,464,11-07-2024,Transferred to savings account,Savings,258.45,Credit,26688.37
4179,969,07-04-2024,Uber ride or fuel,Transport,304.23,Credit,26992.6
4180,402,18-12-2023,Doctor visit or medication,Healthcare,391.87,Credit,27384.47
4181,884,02-07-2024,Monthly rent payment,Rent,98.8,Credit,27483.27
4182,533,21-01-2024,Movie or concert ticket,Entertainment,212.8,Credit,27696.07
4183,167,17-06-2024,Restaurant bill,Dining Out,430.95,Credit,28127.02
4184,272,24-01-2024,Movie or concert ticket,Entertainment,-328.83,Debit,27798.19
4185,596,14-02-2024,Transferred to savings account,Savings,344.08,Credit,28142.27
4186,879,17-01-2024,Uber ride or fuel,Transport,-276.23,Debit,27866.04
4187,259,21-06-2024,Monthly rent payment,Rent,-273.31,Debit,27592.73
4188,86,19-03-2024,Doctor visit or medication,Healthcare,424.89,Credit,28017.62
4189,400,06-03-2024,Uber ride or fuel,Transport,9.96,Credit,28027.58
4190,855,21-12-2023,Utility bill payment,Utilities,-235.78,Debit,27791.8
4191,159,25-10-2023,Doctor visit or medication,Healthcare,318.71,Credit,28110.51
4192,879,22-12-2023,Movie or concert ticket,Entertainment,-95.78,Debit,28014.73
4193,422,08-10-2023,Utility bill payment,Utilities,326.76,Credit,28341.49
4194,579,25-07-2024,Restaurant bill,Dining Out,336.58,Credit,28678.07
4195,796,27-12-2023,Monthly rent payment,Rent,-98.78,Debit,28579.29
4196,828,21-03-2024,Transferred to savings account,Savings,207.29,Credit,28786.58
4197,544,07-03-2024,Restaurant bill,Dining Out,65.89,Credit,28852.47
4198,883,25-08-2023,Movie or concert ticket,Entertainment,-133.25,Debit,28719.22
4199,654,15-11-2023,Monthly rent payment,Rent,145.09,Credit,28864.31
4200,649,14-01-2024,Grocery shopping,Groceries,-327.39,Debit,28536.92
4201,659,19-08-2023,Transferred to savings account,Savings,-476.94,Debit,28059.98
4202,413,27-02-2024,Movie or concert ticket,Entertainment,305.06,Credit,28365.04
4203,921,26-10-2023,Utility bill payment,Utilities,-219.17,Debit,28145.87
4204,865,01-04-2024,Movie or concert ticket,Entertainment,-164.65,Debit,27981.22
4205,930,09-09-2023,Restaurant bill,Dining Out,-241.25,Debit,27739.97
4206,253,05-03-2024,Movie or concert ticket,Entertainment,456.51,Credit,28196.48
4207,87,16-05-2024,Doctor visit or medication,Healthcare,-81.34,Debit,28115.14
4208,383,09-04-2024,Restaurant bill,Dining Out,80.66,Credit,28195.8
4209,434,15-04-2024,Doctor visit or medication,Healthcare,-328.24,Debit,27867.56
4210,624,11-02-2024,Monthly rent payment,Rent,75,Credit,27942.56
4211,168,25-04-2024,Transferred to savings account,Savings,164.03,Credit,28106.59
4212,909,16-07-2024,Transferred to savings account,Savings,288.14,Credit,28394.73
4213,817,26-07-2024,Movie or concert ticket,Entertainment,112.26,Credit,28506.99
4214,851,07-05-2024,Doctor visit or medication,Healthcare,286.24,Credit,28793.23
4215,558,21-04-2024,Doctor visit or medication,Healthcare,-101.86,Debit,28691.37
4216,647,24-04-2024,Movie or concert ticket,Entertainment,222.72,Credit,28914.09
4217,355,23-05-2024,Restaurant bill,Dining Out,-400.11,Debit,28513.98
4218,383,04-01-2024,Grocery shopping,Groceries,-333.77,Debit,28180.21
4219,870,23-01-2024,Transferred to savings account,Savings,429.08,Credit,28609.29
4220,998,03-11-2023,Movie or concert ticket,Entertainment,424.98,Credit,29034.27
4221,708,31-07-2024,Restaurant bill,Dining Out,66.88,Credit,29101.15
4222,614,15-01-2024,Restaurant bill,Dining Out,-95.01,Debit,29006.14
4223,793,08-09-2023,Doctor visit or medication,Healthcare,-282.96,Debit,28723.18
4224,602,25-06-2024,Doctor visit or medication,Healthcare,188.5,Credit,28911.68
4225,611,03-08-2024,Transferred to savings account,Savings,-422.36,Debit,28489.32
4226,318,12-07-2024,Restaurant bill,Dining Out,317.5,Credit,28806.82
4227,643,24-07-2024,Transferred to savings account,Savings,-230.27,Debit,28576.55
4228,559,06-11-2023,Doctor visit or medication,Healthcare,492.61,Credit,29069.16
4229,408,11-05-2024,Movie or concert ticket,Entertainment,-48.08,Debit,29021.08
4230,482,19-02-2024,Restaurant bill,Dining Out,212.89,Credit,29233.97
4231,841,31-12-2023,Utility bill payment,Utilities,-79.06,Debit,29154.91
4232,749,04-08-2024,Restaurant bill,Dining Out,442.63,Credit,29597.54
4233,351,28-09-2023,Movie or concert ticket,Entertainment,423.62,Credit,30021.16
4234,544,11-01-2024,Monthly rent payment,Rent,307.15,Credit,30328.31
4235,231,12-08-2024,Grocery shopping,Groceries,163.99,Credit,30492.3
4236,395,15-02-2024,Monthly rent payment,Rent,55.6,Credit,30547.9
4237,844,27-01-2024,Monthly rent payment,Rent,-357.33,Debit,30190.57
4238,910,05-05-2024,Restaurant bill,Dining Out,204.81,Credit,30395.38
4239,258,11-09-2023,Restaurant bill,Dining Out,450.6,Credit,30845.98
4240,292,03-12-2023,Monthly rent payment,Rent,243.5,Credit,31089.48
4241,639,15-06-2024,Monthly rent payment,Rent,134.13,Credit,31223.61
4242,689,24-07-2024,Grocery shopping,Groceries,434.36,Credit,31657.97
4243,877,13-09-2023,Monthly rent payment,Rent,-377.9,Debit,31280.07
4244,717,04-08-2024,Utility bill payment,Utilities,-193.41,Debit,31086.66
4245,207,09-11-2023,Utility bill payment,Utilities,-14.19,Debit,31072.47
4246,888,16-12-2023,Doctor visit or medication,Healthcare,-403.01,Debit,30669.46
4247,384,27-06-2024,Movie or concert ticket,Entertainment,-385.08,Debit,30284.38
4248,180,16-11-2023,Transferred to savings account,Savings,419.86,Credit,30704.24
4249,532,11-01-2024,Movie or concert ticket,Entertainment,-216.95,Debit,30487.29
4250,554,13-02-2024,Monthly rent payment,Rent,229.3,Credit,30716.59
4251,31,24-03-2024,Movie or concert ticket,Entertainment,112.23,Credit,30828.82
4252,640,19-05-2024,Doctor visit or medication,Healthcare,86.4,Credit,30915.22
4253,981,16-09-2023,Uber ride or fuel,Transport,15.38,Credit,30930.6
4254,533,04-11-2023,Doctor visit or medication,Healthcare,57.14,Credit,30987.74
4255,263,10-08-2024,Utility bill payment,Utilities,-346.56,Debit,30641.18
4256,735,03-03-2024,Grocery shopping,Groceries,28.62,Credit,30669.8
4257,496,24-07-2024,Restaurant bill,Dining Out,-58.16,Debit,30611.64
4258,507,07-10-2023,Monthly rent payment,Rent,487.84,Credit,31099.48
4259,68,24-03-2024,Movie or concert ticket,Entertainment,-115.68,Debit,30983.8
4260,799,11-12-2023,Grocery shopping,Groceries,454.31,Credit,31438.11
4261,12,31-05-2024,Doctor visit or medication,Healthcare,198.77,Credit,31636.88
4262,421,19-06-2024,Grocery shopping,Groceries,-321.09,Debit,31315.79
4263,752,11-02-2024,Doctor visit or medication,Healthcare,123.28,Credit,31439.07
4264,723,04-05-2024,Uber ride or fuel,Transport,431.67,Credit,31870.74
4265,858,15-12-2023,Utility bill payment,Utilities,-407.78,Debit,31462.96
4266,511,26-06-2024,Transferred to savings account,Savings,-409.49,Debit,31053.47
4267,278,07-02-2024,Transferred to savings account,Savings,-353.89,Debit,30699.58
4268,518,18-04-2024,Movie or concert ticket,Entertainment,-214.8,Debit,30484.78
4269,576,08-08-2024,Movie or concert ticket,Entertainment,497.77,Credit,30982.55
4270,243,03-02-2024,Uber ride or fuel,Transport,-318.24,Debit,30664.31
4271,759,20-11-2023,Uber ride or fuel,Transport,24.37,Credit,30688.68
4272,262,30-11-2023,Utility bill payment,Utilities,111.45,Credit,30800.13
4273,908,05-10-2023,Doctor visit or medication,Healthcare,-130.17,Debit,30669.96
4274,979,05-02-2024,Uber ride or fuel,Transport,461.74,Credit,31131.7
4275,763,05-01-2024,Transferred to savings account,Savings,-92.76,Debit,31038.94
4276,175,08-11-2023,Uber ride or fuel,Transport,-152.58,Debit,30886.36
4277,668,11-06-2024,Grocery shopping,Groceries,459.42,Credit,31345.78
4278,960,22-05-2024,Monthly rent payment,Rent,88.18,Credit,31433.96
4279,744,20-10-2023,Utility bill payment,Utilities,-37.91,Debit,31396.05
4280,727,08-09-2023,Utility bill payment,Utilities,471.16,Credit,31867.21
4281,760,23-10-2023,Movie or concert ticket,Entertainment,221.14,Credit,32088.35
4282,507,31-07-2024,Movie or concert ticket,Entertainment,446.83,Credit,32535.18
4283,143,30-07-2024,Doctor visit or medication,Healthcare,420.41,Credit,32955.59
4284,788,23-12-2023,Doctor visit or medication,Healthcare,-30.99,Debit,32924.6
4285,167,24-03-2024,Movie or concert ticket,Entertainment,237.31,Credit,33161.91
4286,467,04-08-2024,Uber ride or fuel,Transport,168.73,Credit,33330.64
4287,491,29-08-2023,Restaurant bill,Dining Out,16.64,Credit,33347.28
4288,467,22-04-2024,Utility bill payment,Utilities,-383.39,Debit,32963.89
4289,465,05-11-2023,Doctor visit or medication,Healthcare,123.58,Credit,33087.47
4290,414,04-07-2024,Utility bill payment,Utilities,-322.32,Debit,32765.15
4291,965,29-10-2023,Utility bill payment,Utilities,385.07,Credit,33150.22
4292,474,27-06-2024,Restaurant bill,Dining Out,262.77,Credit,33412.99
4293,953,06-06-2024,Utility bill payment,Utilities,-15.8,Debit,33397.19
4294,232,15-06-2024,Movie or concert ticket,Entertainment,27.42,Credit,33424.61
4295,619,20-04-2024,Grocery shopping,Groceries,143.89,Credit,33568.5
4296,167,25-07-2024,Grocery shopping,Groceries,-30.23,Debit,33538.27
4297,104,31-07-2024,Monthly rent payment,Rent,177.77,Credit,33716.04
4298,472,23-05-2024,Monthly rent payment,Rent,-376.82,Debit,33339.22
4299,876,10-10-2023,Doctor visit or medication,Healthcare,-54.67,Debit,33284.55
4300,967,29-10-2023,Transferred to savings account,Savings,-52.67,Debit,33231.88
4301,199,11-06-2024,Utility bill payment,Utilities,370.22,Credit,33602.1
4302,832,09-06-2024,Grocery shopping,Groceries,179.94,Credit,33782.04
4303,776,04-11-2023,Utility bill payment,Utilities,105.98,Credit,33888.02
4304,953,28-02-2024,Grocery shopping,Groceries,246.21,Credit,34134.23
4305,507,05-05-2024,Monthly rent payment,Rent,-214.7,Debit,33919.53
4306,899,28-04-2024,Monthly rent payment,Rent,-365.47,Debit,33554.06
4307,404,23-07-2024,Doctor visit or medication,Healthcare,-288.92,Debit,33265.14
4308,42,01-06-2024,Grocery shopping,Groceries,-139.39,Debit,33125.75
4309,475,10-02-2024,Movie or concert ticket,Entertainment,-366.51,Debit,32759.24
4310,966,24-02-2024,Monthly rent payment,Rent,-297.2,Debit,32462.04
4311,365,28-01-2024,Utility bill payment,Utilities,380.29,Credit,32842.33
4312,445,29-03-2024,Movie or concert ticket,Entertainment,-283.49,Debit,32558.84
4313,941,18-07-2024,Utility bill payment,Utilities,-364.03,Debit,32194.81
4314,482,18-10-2023,Movie or concert ticket,Entertainment,-441.27,Debit,31753.54
4315,284,10-04-2024,Monthly rent payment,Rent,-21.57,Debit,31731.97
4316,579,13-07-2024,Restaurant bill,Dining Out,-47.28,Debit,31684.69
4317,530,05-11-2023,Doctor visit or medication,Healthcare,441.43,Credit,32126.12
4318,518,07-11-2023,Restaurant bill,Dining Out,-165.64,Debit,31960.48
4319,743,19-12-2023,Utility bill payment,Utilities,-216.8,Debit,31743.68
4320,628,23-10-2023,Utility bill payment,Utilities,-84.05,Debit,31659.63
4321,376,01-03-2024,Movie or concert ticket,Entertainment,16.15,Credit,31675.78
4322,958,12-12-2023,Doctor visit or medication,Healthcare,206.33,Credit,31882.11
4323,679,21-10-2023,Transferred to savings account,Savings,-211.86,Debit,31670.25
4324,718,02-11-2023,Uber ride or fuel,Transport,256.28,Credit,31926.53
4325,788,18-04-2024,Utility bill payment,Utilities,-317.8,Debit,31608.73
4326,391,15-11-2023,Utility bill payment,Utilities,33.5,Credit,31642.23
4327,582,12-06-2024,Doctor visit or medication,Healthcare,-20.96,Debit,31621.27
4328,84,07-11-2023,Uber ride or fuel,Transport,23.25,Credit,31644.52
4329,743,24-01-2024,Monthly rent payment,Rent,-261.74,Debit,31382.78
4330,799,02-02-2024,Transferred to savings account,Savings,-163.54,Debit,31219.24
4331,407,05-08-2024,Monthly rent payment,Rent,482.39,Credit,31701.63
4332,992,10-08-2024,Restaurant bill,Dining Out,-19.92,Debit,31681.71
4333,47,28-04-2024,Uber ride or fuel,Transport,-322.24,Debit,31359.47
4334,114,23-02-2024,Uber ride or fuel,Transport,-252.05,Debit,31107.42
4335,889,03-06-2024,Transferred to savings account,Savings,218.32,Credit,31325.74
4336,261,15-05-2024,Monthly rent payment,Rent,-26.83,Debit,31298.91
4337,888,13-03-2024,Movie or concert ticket,Entertainment,-351.6,Debit,30947.31
4338,572,11-04-2024,Utility bill payment,Utilities,-24.98,Debit,30922.33
4339,631,26-08-2023,Uber ride or fuel,Transport,-441.3,Debit,30481.03
4340,472,02-08-2024,Uber ride or fuel,Transport,-28.69,Debit,30452.34
4341,441,11-06-2024,Restaurant bill,Dining Out,325.83,Credit,30778.17
4342,550,21-08-2023,Uber ride or fuel,Transport,419.63,Credit,31197.8
4343,226,17-04-2024,Uber ride or fuel,Transport,76.86,Credit,31274.66
4344,946,23-09-2023,Uber ride or fuel,Transport,-493.92,Debit,30780.74
4345,383,26-10-2023,Utility bill payment,Utilities,145.23,Credit,30925.97
4346,891,27-10-2023,Movie or concert ticket,Entertainment,-321.42,Debit,30604.55
4347,126,23-04-2024,Doctor visit or medication,Healthcare,-420.12,Debit,30184.43
4348,389,28-03-2024,Uber ride or fuel,Transport,411.63,Credit,30596.06
4349,640,23-08-2023,Uber ride or fuel,Transport,-206.74,Debit,30389.32
4350,243,02-08-2024,Transferred to savings account,Savings,84.2,Credit,30473.52
4351,307,22-11-2023,Uber ride or fuel,Transport,69.32,Credit,30542.84
4352,743,20-04-2024,Utility bill payment,Utilities,239.09,Credit,30781.93
4353,472,21-10-2023,Utility bill payment,Utilities,252.56,Credit,31034.49
4354,115,08-12-2023,Restaurant bill,Dining Out,-73.6,Debit,30960.89
4355,202,11-10-2023,Monthly rent payment,Rent,-371.98,Debit,30588.91
4356,51,13-06-2024,Utility bill payment,Utilities,340.69,Credit,30929.6
4357,21,28-10-2023,Transferred to savings account,Savings,389.08,Credit,31318.68
4358,734,04-03-2024,Transferred to savings account,Savings,483.74,Credit,31802.42
4359,198,19-05-2024,Uber ride or fuel,Transport,-63.6,Debit,31738.82
4360,566,16-03-2024,Movie or concert ticket,Entertainment,-302.46,Debit,31436.36
4361,796,06-08-2024,Monthly rent payment,Rent,-16.54,Debit,31419.82
4362,36,25-03-2024,Grocery shopping,Groceries,426.63,Credit,31846.45
4363,791,23-05-2024,Transferred to savings account,Savings,-239.56,Debit,31606.89
4364,152,04-01-2024,Monthly rent payment,Rent,-175.33,Debit,31431.56
4365,772,23-09-2023,Restaurant bill,Dining Out,370.47,Credit,31802.03
4366,493,22-03-2024,Uber ride or fuel,Transport,145.72,Credit,31947.75
4367,128,29-02-2024,Monthly rent payment,Rent,-87.47,Debit,31860.28
4368,714,23-03-2024,Transferred to savings account,Savings,-120.95,Debit,31739.33
4369,460,30-06-2024,Utility bill payment,Utilities,-396.16,Debit,31343.17
4370,965,16-09-2023,Grocery shopping,Groceries,-326.57,Debit,31016.6
4371,930,15-08-2023,Doctor visit or medication,Healthcare,432.79,Credit,31449.39
4372,864,12-09-2023,Transferred to savings account,Savings,486.19,Credit,31935.58
4373,851,20-01-2024,Utility bill payment,Utilities,-111.13,Debit,31824.45
4374,687,27-03-2024,Restaurant bill,Dining Out,430.94,Credit,32255.39
4375,476,27-06-2024,Monthly rent payment,Rent,17.4,Credit,32272.79
4376,447,11-05-2024,Restaurant bill,Dining Out,-283.21,Debit,31989.58
4377,333,06-09-2023,Transferred to savings account,Savings,108.23,Credit,32097.81
4378,263,28-01-2024,Movie or concert ticket,Entertainment,-88.34,Debit,32009.47
4379,94,22-08-2023,Monthly rent payment,Rent,-124.24,Debit,31885.23
4380,970,15-09-2023,Monthly rent payment,Rent,88.17,Credit,31973.4
4381,729,01-04-2024,Grocery shopping,Groceries,75.08,Credit,32048.48
4382,205,29-12-2023,Movie or concert ticket,Entertainment,467.48,Credit,32515.96
4383,239,06-12-2023,Utility bill payment,Utilities,-61.8,Debit,32454.16
4384,913,05-06-2024,Movie or concert ticket,Entertainment,-398.31,Debit,32055.85
4385,827,09-07-2024,Uber ride or fuel,Transport,361.31,Credit,32417.16
4386,396,11-11-2023,Restaurant bill,Dining Out,10.84,Credit,32428
4387,411,24-04-2024,Movie or concert ticket,Entertainment,484.05,Credit,32912.05
4388,339,26-02-2024,Uber ride or fuel,Transport,350.58,Credit,33262.63
4389,509,06-08-2024,Transferred to savings account,Savings,288.66,Credit,33551.29
4390,159,03-02-2024,Restaurant bill,Dining Out,490.13,Credit,34041.42
4391,81,07-12-2023,Grocery shopping,Groceries,209.72,Credit,34251.14
4392,278,26-01-2024,Uber ride or fuel,Transport,106.64,Credit,34357.78
4393,786,05-01-2024,Doctor visit or medication,Healthcare,-154.8,Debit,34202.98
4394,878,30-05-2024,Monthly rent payment,Rent,375.31,Credit,34578.29
4395,422,22-09-2023,Transferred to savings account,Savings,-461.38,Debit,34116.91
4396,977,14-06-2024,Monthly rent payment,Rent,431.57,Credit,34548.48
4397,339,10-10-2023,Doctor visit or medication,Healthcare,375.75,Credit,34924.23
4398,507,03-04-2024,Monthly rent payment,Rent,424.83,Credit,35349.06
4399,832,14-07-2024,Utility bill payment,Utilities,-302.4,Debit,35046.66
4400,842,15-05-2024,Doctor visit or medication,Healthcare,88.55,Credit,35135.21
4401,327,21-03-2024,Monthly rent payment,Rent,448.33,Credit,35583.54
4402,926,25-08-2023,Transferred to savings account,Savings,-393.63,Debit,35189.91
4403,356,02-12-2023,Utility bill payment,Utilities,-469.22,Debit,34720.69
4404,118,31-08-2023,Monthly rent payment,Rent,11.41,Credit,34732.1
4405,562,19-05-2024,Utility bill payment,Utilities,230.22,Credit,34962.32
4406,334,06-08-2024,Doctor visit or medication,Healthcare,-222.3,Debit,34740.02
4407,959,18-01-2024,Monthly rent payment,Rent,-64.05,Debit,34675.97
4408,828,14-06-2024,Restaurant bill,Dining Out,-464.4,Debit,34211.57
4409,737,07-08-2024,Transferred to savings account,Savings,-16.44,Debit,34195.13
4410,637,16-11-2023,Utility bill payment,Utilities,249.6,Credit,34444.73
4411,660,31-12-2023,Transferred to savings account,Savings,41.77,Credit,34486.5
4412,429,13-10-2023,Grocery shopping,Groceries,191.62,Credit,34678.12
4413,113,07-11-2023,Monthly rent payment,Rent,-193.28,Debit,34484.84
4414,259,23-03-2024,Doctor visit or medication,Healthcare,53.36,Credit,34538.2
4415,260,15-02-2024,Utility bill payment,Utilities,-440.91,Debit,34097.29
4416,539,15-02-2024,Doctor visit or medication,Healthcare,-67.87,Debit,34029.42
4417,850,04-03-2024,Grocery shopping,Groceries,30.59,Credit,34060.01
4418,907,20-01-2024,Uber ride or fuel,Transport,358.59,Credit,34418.6
4419,888,03-05-2024,Uber ride or fuel,Transport,199.35,Credit,34617.95
4420,623,30-07-2024,Uber ride or fuel,Transport,357.52,Credit,34975.47
4421,425,28-06-2024,Movie or concert ticket,Entertainment,337.9,Credit,35313.37
4422,869,17-05-2024,Doctor visit or medication,Healthcare,-231.62,Debit,35081.75
4423,988,11-05-2024,Grocery shopping,Groceries,-469.16,Debit,34612.59
4424,803,23-08-2023,Uber ride or fuel,Transport,154.32,Credit,34766.91
4425,630,07-09-2023,Utility bill payment,Utilities,-253.88,Debit,34513.03
4426,712,31-10-2023,Movie or concert ticket,Entertainment,-12.66,Debit,34500.37
4427,198,13-01-2024,Grocery shopping,Groceries,387.99,Credit,34888.36
4428,703,22-02-2024,Movie or concert ticket,Entertainment,158.98,Credit,35047.34
4429,992,14-11-2023,Movie or concert ticket,Entertainment,-250.5,Debit,34796.84
4430,532,14-10-2023,Movie or concert ticket,Entertainment,421.52,Credit,35218.36
4431,944,20-09-2023,Movie or concert ticket,Entertainment,-176.56,Debit,35041.8
4432,106,17-04-2024,Doctor visit or medication,Healthcare,-287.25,Debit,34754.55
4433,654,19-09-2023,Restaurant bill,Dining Out,182.75,Credit,34937.3
4434,496,09-08-2024,Transferred to savings account,Savings,42.37,Credit,34979.67
4435,672,13-07-2024,Transferred to savings account,Savings,-45.12,Debit,34934.55
4436,846,07-01-2024,Transferred to savings account,Savings,438.46,Credit,35373.01
4437,370,26-07-2024,Uber ride or fuel,Transport,457.16,Credit,35830.17
4438,856,08-02-2024,Uber ride or fuel,Transport,-30.13,Debit,35800.04
4439,910,09-08-2024,Transferred to savings account,Savings,-174.49,Debit,35625.55
4440,501,11-05-2024,Grocery shopping,Groceries,442.57,Credit,36068.12
4441,177,12-11-2023,Transferred to savings account,Savings,213.03,Credit,36281.15
4442,888,21-12-2023,Restaurant bill,Dining Out,-412.31,Debit,35868.84
4443,282,25-07-2024,Restaurant bill,Dining Out,159.52,Credit,36028.36
4444,736,29-10-2023,Restaurant bill,Dining Out,289.97,Credit,36318.33
4445,417,02-09-2023,Utility bill payment,Utilities,-215.33,Debit,36103
4446,907,11-01-2024,Transferred to savings account,Savings,9.04,Credit,36112.04
4447,562,20-06-2024,Utility bill payment,Utilities,-408.34,Debit,35703.7
4448,220,30-06-2024,Utility bill payment,Utilities,-20.63,Debit,35683.07
4449,491,27-02-2024,Doctor visit or medication,Healthcare,-268.8,Debit,35414.27
4450,212,10-06-2024,Monthly rent payment,Rent,429.8,Credit,35844.07
4451,692,12-06-2024,Grocery shopping,Groceries,259.51,Credit,36103.58
4452,283,02-10-2023,Transferred to savings account,Savings,-235.83,Debit,35867.75
4453,408,02-11-2023,Grocery shopping,Groceries,-86.34,Debit,35781.41
4454,818,22-04-2024,Uber ride or fuel,Transport,-53.72,Debit,35727.69
4455,848,24-02-2024,Uber ride or fuel,Transport,-150.21,Debit,35577.48
4456,998,15-07-2024,Utility bill payment,Utilities,-319.94,Debit,35257.54
4457,156,09-06-2024,Monthly rent payment,Rent,-335.78,Debit,34921.76
4458,455,22-10-2023,Transferred to savings account,Savings,-430.08,Debit,34491.68
4459,367,17-07-2024,Grocery shopping,Groceries,410.35,Credit,34902.03
4460,461,25-11-2023,Grocery shopping,Groceries,-445.84,Debit,34456.19
4461,378,14-11-2023,Grocery shopping,Groceries,150.99,Credit,34607.18
4462,675,27-03-2024,Movie or concert ticket,Entertainment,243.09,Credit,34850.27
4463,501,06-06-2024,Transferred to savings account,Savings,-36.77,Debit,34813.5
4464,443,20-09-2023,Transferred to savings account,Savings,-235.23,Debit,34578.27
4465,311,20-01-2024,Grocery shopping,Groceries,482.27,Credit,35060.54
4466,476,03-11-2023,Utility bill payment,Utilities,-48.23,Debit,35012.31
4467,525,31-10-2023,Movie or concert ticket,Entertainment,-423.12,Debit,34589.19
4468,929,27-09-2023,Utility bill payment,Utilities,-129.24,Debit,34459.95
4469,344,08-01-2024,Restaurant bill,Dining Out,-445.94,Debit,34014.01
4470,683,02-02-2024,Transferred to savings account,Savings,30.44,Credit,34044.45
4471,770,28-03-2024,Monthly rent payment,Rent,-213.63,Debit,33830.82
4472,966,17-12-2023,Restaurant bill,Dining Out,-313.74,Debit,33517.08
4473,932,11-02-2024,Monthly rent payment,Rent,-298.53,Debit,33218.55
4474,119,15-08-2023,Doctor visit or medication,Healthcare,86.67,Credit,33305.22
4475,452,08-03-2024,Transferred to savings account,Savings,77.07,Credit,33382.29
4476,129,20-03-2024,Restaurant bill,Dining Out,-407.22,Debit,32975.07
4477,400,05-04-2024,Monthly rent payment,Rent,-138.31,Debit,32836.76
4478,887,15-09-2023,Uber ride or fuel,Transport,486.48,Credit,33323.24
4479,433,12-06-2024,Doctor visit or medication,Healthcare,318.14,Credit,33641.38
4480,523,16-06-2024,Doctor visit or medication,Healthcare,360.67,Credit,34002.05
4481,141,25-01-2024,Doctor visit or medication,Healthcare,437.47,Credit,34439.52
4482,329,22-06-2024,Grocery shopping,Groceries,-392.16,Debit,34047.36
4483,992,13-08-2023,Utility bill payment,Utilities,-451.55,Debit,33595.81
4484,349,03-06-2024,Grocery shopping,Groceries,-265.23,Debit,33330.58
4485,821,02-01-2024,Monthly rent payment,Rent,233.98,Credit,33564.56
4486,753,06-06-2024,Monthly rent payment,Rent,-209.81,Debit,33354.75
4487,616,14-01-2024,Uber ride or fuel,Transport,-104.62,Debit,33250.13
4488,959,17-05-2024,Grocery shopping,Groceries,-27.03,Debit,33223.1
4489,992,12-11-2023,Doctor visit or medication,Healthcare,170.56,Credit,33393.66
4490,583,12-06-2024,Movie or concert ticket,Entertainment,-113.51,Debit,33280.15
4491,301,17-03-2024,Transferred to savings account,Savings,-448.96,Debit,32831.19
4492,88,07-10-2023,Doctor visit or medication,Healthcare,422.96,Credit,33254.15
4493,530,14-01-2024,Grocery shopping,Groceries,-231.1,Debit,33023.05
4494,970,31-12-2023,Uber ride or fuel,Transport,-10.75,Debit,33012.3
4495,544,02-12-2023,Uber ride or fuel,Transport,329.5,Credit,33341.8
4496,961,23-09-2023,Utility bill payment,Utilities,-498.54,Debit,32843.26
4497,163,30-04-2024,Utility bill payment,Utilities,282.14,Credit,33125.4
4498,495,23-11-2023,Monthly rent payment,Rent,433.74,Credit,33559.14
4499,665,11-05-2024,Monthly rent payment,Rent,-407.4,Debit,33151.74
4500,347,07-10-2023,Uber ride or fuel,Transport,-408.78,Debit,32742.96
4501,321,15-01-2024,Doctor visit or medication,Healthcare,164.18,Credit,32907.14
4502,284,17-12-2023,Utility bill payment,Utilities,-273.63,Debit,32633.51
4503,82,17-05-2024,Uber ride or fuel,Transport,-83.32,Debit,32550.19
4504,273,27-04-2024,Movie or concert ticket,Entertainment,-223.86,Debit,32326.33
4505,406,12-08-2024,Monthly rent payment,Rent,-161.24,Debit,32165.09
4506,325,05-07-2024,Restaurant bill,Dining Out,-233.79,Debit,31931.3
4507,356,30-12-2023,Uber ride or fuel,Transport,-141.71,Debit,31789.59
4508,549,24-03-2024,Monthly rent payment,Rent,45.28,Credit,31834.87
4509,905,19-09-2023,Movie or concert ticket,Entertainment,-29.92,Debit,31804.95
4510,295,15-01-2024,Monthly rent payment,Rent,-153.88,Debit,31651.07
4511,686,26-08-2023,Monthly rent payment,Rent,-125.59,Debit,31525.48
4512,664,28-10-2023,Restaurant bill,Dining Out,87.42,Credit,31612.9
4513,73,16-08-2023,Movie or concert ticket,Entertainment,-333.85,Debit,31279.05
4514,122,23-12-2023,Transferred to savings account,Savings,408.32,Credit,31687.37
4515,196,16-05-2024,Doctor visit or medication,Healthcare,-71.32,Debit,31616.05
4516,249,01-09-2023,Movie or concert ticket,Entertainment,67.37,Credit,31683.42
4517,304,02-12-2023,Monthly rent payment,Rent,-439.92,Debit,31243.5
4518,86,01-02-2024,Restaurant bill,Dining Out,190.83,Credit,31434.33
4519,470,25-02-2024,Transferred to savings account,Savings,478.16,Credit,31912.49
4520,333,20-07-2024,Movie or concert ticket,Entertainment,-242.82,Debit,31669.67
4521,399,18-05-2024,Utility bill payment,Utilities,208.57,Credit,31878.24
4522,298,13-11-2023,Movie or concert ticket,Entertainment,-303.17,Debit,31575.07
4523,430,09-06-2024,Uber ride or fuel,Transport,-466.39,Debit,31108.68
4524,730,11-01-2024,Transferred to savings account,Savings,-442.08,Debit,30666.6
4525,44,20-02-2024,Movie or concert ticket,Entertainment,-116.84,Debit,30549.76
4526,745,26-10-2023,Grocery shopping,Groceries,207.99,Credit,30757.75
4527,609,25-01-2024,Utility bill payment,Utilities,-104.55,Debit,30653.2
4528,480,08-05-2024,Grocery shopping,Groceries,-439.02,Debit,30214.18
4529,145,29-09-2023,Restaurant bill,Dining Out,319.06,Credit,30533.24
4530,225,09-05-2024,Restaurant bill,Dining Out,-243.75,Debit,30289.49
4531,461,11-10-2023,Restaurant bill,Dining Out,197.78,Credit,30487.27
4532,19,03-05-2024,Restaurant bill,Dining Out,44.23,Credit,30531.5
4533,135,08-02-2024,Uber ride or fuel,Transport,-417.58,Debit,30113.92
4534,609,13-09-2023,Monthly rent payment,Rent,-97.63,Debit,30016.29
4535,98,04-11-2023,Transferred to savings account,Savings,-17.73,Debit,29998.56
4536,49,11-04-2024,Transferred to savings account,Savings,350.81,Credit,30349.37
4537,228,31-07-2024,Movie or concert ticket,Entertainment,341.83,Credit,30691.2
4538,178,07-12-2023,Monthly rent payment,Rent,-58.26,Debit,30632.94
4539,867,06-04-2024,Doctor visit or medication,Healthcare,372.33,Credit,31005.27
4540,825,08-06-2024,Transferred to savings account,Savings,-279.65,Debit,30725.62
4541,750,09-11-2023,Movie or concert ticket,Entertainment,195.96,Credit,30921.58
4542,601,18-07-2024,Utility bill payment,Utilities,160.66,Credit,31082.24
4543,578,09-11-2023,Transferred to savings account,Savings,-61.42,Debit,31020.82
4544,268,12-01-2024,Uber ride or fuel,Transport,282.39,Credit,31303.21
4545,35,28-09-2023,Utility bill payment,Utilities,-209.09,Debit,31094.12
4546,579,03-07-2024,Movie or concert ticket,Entertainment,-493.1,Debit,30601.02
4547,24,14-03-2024,Doctor visit or medication,Healthcare,-374.07,Debit,30226.95
4548,222,24-03-2024,Transferred to savings account,Savings,25.75,Credit,30252.7
4549,877,04-10-2023,Monthly rent payment,Rent,351.26,Credit,30603.96
4550,739,18-08-2023,Movie or concert ticket,Entertainment,-350.18,Debit,30253.78
4551,368,16-01-2024,Utility bill payment,Utilities,-269.73,Debit,29984.05
4552,90,25-09-2023,Utility bill payment,Utilities,12.07,Credit,29996.12
4553,18,10-02-2024,Restaurant bill,Dining Out,353.42,Credit,30349.54
4554,765,11-03-2024,Utility bill payment,Utilities,-17.39,Debit,30332.15
4555,505,04-10-2023,Monthly rent payment,Rent,171.62,Credit,30503.77
4556,974,19-03-2024,Utility bill payment,Utilities,32.43,Credit,30536.2
4557,161,31-05-2024,Transferred to savings account,Savings,-395.1,Debit,30141.1
4558,183,28-07-2024,Restaurant bill,Dining Out,236.19,Credit,30377.29
4559,359,13-02-2024,Utility bill payment,Utilities,324.53,Credit,30701.82
4560,345,14-08-2023,Movie or concert ticket,Entertainment,-59.05,Debit,30642.77
4561,247,05-04-2024,Grocery shopping,Groceries,-275.37,Debit,30367.4
4562,255,29-08-2023,Monthly rent payment,Rent,53.09,Credit,30420.49
4563,674,24-01-2024,Doctor visit or medication,Healthcare,-461.39,Debit,29959.1
4564,533,28-09-2023,Monthly rent payment,Rent,331.26,Credit,30290.36
4565,516,24-03-2024,Monthly rent payment,Rent,65.89,Credit,30356.25
4566,990,02-09-2023,Transferred to savings account,Savings,179.73,Credit,30535.98
4567,698,08-01-2024,Transferred to savings account,Savings,-367.38,Debit,30168.6
4568,501,11-08-2024,Uber ride or fuel,Transport,489.62,Credit,30658.22
4569,623,30-10-2023,Grocery shopping,Groceries,21.83,Credit,30680.05
4570,690,16-03-2024,Transferred to savings account,Savings,-136.86,Debit,30543.19
4571,467,27-09-2023,Movie or concert ticket,Entertainment,271.44,Credit,30814.63
4572,947,09-07-2024,Restaurant bill,Dining Out,138.98,Credit,30953.61
4573,163,05-10-2023,Monthly rent payment,Rent,-459.12,Debit,30494.49
4574,220,28-06-2024,Transferred to savings account,Savings,84.96,Credit,30579.45
4575,826,13-04-2024,Uber ride or fuel,Transport,11.94,Credit,30591.39
4576,705,14-03-2024,Doctor visit or medication,Healthcare,-35.97,Debit,30555.42
4577,416,19-02-2024,Monthly rent payment,Rent,-340.98,Debit,30214.44
4578,300,05-12-2023,Grocery shopping,Groceries,80.18,Credit,30294.62
4579,773,12-02-2024,Monthly rent payment,Rent,-31.66,Debit,30262.96
4580,904,18-03-2024,Uber ride or fuel,Transport,319.49,Credit,30582.45
4581,275,16-09-2023,Uber ride or fuel,Transport,-316.62,Debit,30265.83
4582,627,30-03-2024,Movie or concert ticket,Entertainment,306.29,Credit,30572.12
4583,536,24-09-2023,Grocery shopping,Groceries,276.01,Credit,30848.13
4584,633,31-01-2024,Monthly rent payment,Rent,51.6,Credit,30899.73
4585,483,22-09-2023,Restaurant bill,Dining Out,-136.91,Debit,30762.82
4586,848,29-11-2023,Doctor visit or medication,Healthcare,-399.25,Debit,30363.57
4587,162,20-07-2024,Grocery shopping,Groceries,-322.72,Debit,30040.85
4588,69,10-01-2024,Transferred to savings account,Savings,130.55,Credit,30171.4
4589,652,22-07-2024,Transferred to savings account,Savings,197.19,Credit,30368.59
4590,908,22-04-2024,Uber ride or fuel,Transport,6.57,Credit,30375.16
4591,673,27-03-2024,Uber ride or fuel,Transport,-434.3,Debit,29940.86
4592,318,09-03-2024,Uber ride or fuel,Transport,370.89,Credit,30311.75
4593,541,28-11-2023,Movie or concert ticket,Entertainment,-314.7,Debit,29997.05
4594,823,21-10-2023,Utility bill payment,Utilities,-243.79,Debit,29753.26
4595,573,10-03-2024,Uber ride or fuel,Transport,-491.64,Debit,29261.62
4596,809,10-10-2023,Monthly rent payment,Rent,342.25,Credit,29603.87
4597,620,11-12-2023,Uber ride or fuel,Transport,-119.38,Debit,29484.49
4598,446,19-02-2024,Transferred to savings account,Savings,-19.29,Debit,29465.2
4599,948,07-03-2024,Monthly rent payment,Rent,-316.34,Debit,29148.86
4600,271,22-11-2023,Movie or concert ticket,Entertainment,-403.95,Debit,28744.91
4601,719,01-06-2024,Doctor visit or medication,Healthcare,89.72,Credit,28834.63
4602,451,27-10-2023,Movie or concert ticket,Entertainment,391.41,Credit,29226.04
4603,244,23-08-2023,Grocery shopping,Groceries,-61.08,Debit,29164.96
4604,310,15-08-2023,Monthly rent payment,Rent,145.92,Credit,29310.88
4605,108,10-03-2024,Movie or concert ticket,Entertainment,431.46,Credit,29742.34
4606,821,06-08-2024,Transferred to savings account,Savings,-68.94,Debit,29673.4
4607,361,05-10-2023,Movie or concert ticket,Entertainment,430.18,Credit,30103.58
4608,141,16-09-2023,Movie or concert ticket,Entertainment,-207.37,Debit,29896.21
4609,472,11-11-2023,Movie or concert ticket,Entertainment,-311.09,Debit,29585.12
4610,170,31-12-2023,Movie or concert ticket,Entertainment,-257.35,Debit,29327.77
4611,760,23-02-2024,Transferred to savings account,Savings,-302.45,Debit,29025.32
4612,690,18-10-2023,Monthly rent payment,Rent,9.91,Credit,29035.23
4613,783,08-12-2023,Restaurant bill,Dining Out,163.47,Credit,29198.7
4614,8,23-02-2024,Uber ride or fuel,Transport,265.14,Credit,29463.84
4615,445,10-03-2024,Movie or concert ticket,Entertainment,169.9,Credit,29633.74
4616,49,11-06-2024,Restaurant bill,Dining Out,203.39,Credit,29837.13
4617,532,22-11-2023,Monthly rent payment,Rent,-417.77,Debit,29419.36
4618,191,07-03-2024,Doctor visit or medication,Healthcare,23.71,Credit,29443.07
4619,292,23-09-2023,Monthly rent payment,Rent,164.03,Credit,29607.1
4620,943,24-08-2023,Transferred to savings account,Savings,351.28,Credit,29958.38
4621,551,01-01-2024,Utility bill payment,Utilities,288.76,Credit,30247.14
4622,553,22-06-2024,Movie or concert ticket,Entertainment,334.7,Credit,30581.84
4623,775,17-05-2024,Utility bill payment,Utilities,-27.58,Debit,30554.26
4624,648,24-11-2023,Monthly rent payment,Rent,-224.07,Debit,30330.19
4625,758,12-12-2023,Utility bill payment,Utilities,-358.85,Debit,29971.34
4626,273,10-01-2024,Grocery shopping,Groceries,-412.9,Debit,29558.44
4627,211,25-09-2023,Uber ride or fuel,Transport,438.79,Credit,29997.23
4628,704,16-02-2024,Grocery shopping,Groceries,-445.32,Debit,29551.91
4629,508,23-09-2023,Movie or concert ticket,Entertainment,-185.59,Debit,29366.32
4630,443,20-10-2023,Movie or concert ticket,Entertainment,29.73,Credit,29396.05
4631,823,01-12-2023,Transferred to savings account,Savings,-155.46,Debit,29240.59
4632,741,25-04-2024,Doctor visit or medication,Healthcare,-142.62,Debit,29097.97
4633,527,24-09-2023,Grocery shopping,Groceries,130.69,Credit,29228.66
4634,842,06-07-2024,Movie or concert ticket,Entertainment,20.93,Credit,29249.59
4635,457,03-10-2023,Uber ride or fuel,Transport,490.34,Credit,29739.93
4636,778,08-04-2024,Movie or concert ticket,Entertainment,-226.78,Debit,29513.15
4637,574,17-04-2024,Monthly rent payment,Rent,-215.16,Debit,29297.99
4638,540,28-02-2024,Grocery shopping,Groceries,-275.49,Debit,29022.5
4639,326,01-01-2024,Doctor visit or medication,Healthcare,104.44,Credit,29126.94
4640,336,21-05-2024,Doctor visit or medication,Healthcare,55.82,Credit,29182.76
4641,684,10-08-2024,Monthly rent payment,Rent,-8.88,Debit,29173.88
4642,858,15-06-2024,Uber ride or fuel,Transport,352.9,Credit,29526.78
4643,96,01-04-2024,Restaurant bill,Dining Out,218.05,Credit,29744.83
4644,974,15-03-2024,Uber ride or fuel,Transport,390.31,Credit,30135.14
4645,934,06-11-2023,Transferred to savings account,Savings,-96.28,Debit,30038.86
4646,516,08-06-2024,Monthly rent payment,Rent,35.9,Credit,30074.76
4647,34,15-05-2024,Doctor visit or medication,Healthcare,-403.92,Debit,29670.84
4648,614,19-01-2024,Monthly rent payment,Rent,-393.28,Debit,29277.56
4649,822,02-05-2024,Doctor visit or medication,Healthcare,-303.06,Debit,28974.5
4650,356,01-12-2023,Monthly rent payment,Rent,31.79,Credit,29006.29
4651,406,24-05-2024,Movie or concert ticket,Entertainment,123.92,Credit,29130.21
4652,363,10-06-2024,Grocery shopping,Groceries,-83.02,Debit,29047.19
4653,549,12-08-2024,Transferred to savings account,Savings,-245.84,Debit,28801.35
4654,26,18-01-2024,Grocery shopping,Groceries,-388.39,Debit,28412.96
4655,777,07-05-2024,Utility bill payment,Utilities,-440.21,Debit,27972.75
4656,369,31-05-2024,Monthly rent payment,Rent,66.99,Credit,28039.74
4657,730,30-01-2024,Movie or concert ticket,Entertainment,-474.42,Debit,27565.32
4658,487,23-06-2024,Doctor visit or medication,Healthcare,416.84,Credit,27982.16
4659,482,04-01-2024,Transferred to savings account,Savings,-194.38,Debit,27787.78
4660,988,14-12-2023,Grocery shopping,Groceries,141.01,Credit,27928.79
4661,178,17-02-2024,Grocery shopping,Groceries,37.11,Credit,27965.9
4662,552,17-02-2024,Grocery shopping,Groceries,186.52,Credit,28152.42
4663,860,10-03-2024,Utility bill payment,Utilities,333.1,Credit,28485.52
4664,80,19-07-2024,Movie or concert ticket,Entertainment,-185.88,Debit,28299.64
4665,389,29-12-2023,Uber ride or fuel,Transport,73.3,Credit,28372.94
4666,41,18-04-2024,Transferred to savings account,Savings,-288.93,Debit,28084.01
4667,849,24-10-2023,Doctor visit or medication,Healthcare,-482.71,Debit,27601.3
4668,211,03-10-2023,Grocery shopping,Groceries,-177.28,Debit,27424.02
4669,417,05-12-2023,Grocery shopping,Groceries,-216.15,Debit,27207.87
4670,396,24-10-2023,Doctor visit or medication,Healthcare,-296.15,Debit,26911.72
4671,897,03-06-2024,Doctor visit or medication,Healthcare,-441.83,Debit,26469.89
4672,9,04-09-2023,Transferred to savings account,Savings,379.79,Credit,26849.68
4673,361,15-12-2023,Monthly rent payment,Rent,-198.82,Debit,26650.86
4674,102,03-11-2023,Grocery shopping,Groceries,495.54,Credit,27146.4
4675,557,30-03-2024,Uber ride or fuel,Transport,345.68,Credit,27492.08
4676,955,17-08-2023,Restaurant bill,Dining Out,130.19,Credit,27622.27
4677,744,01-03-2024,Transferred to savings account,Savings,-326.12,Debit,27296.15
4678,197,04-03-2024,Monthly rent payment,Rent,131.61,Credit,27427.76
4679,469,23-04-2024,Movie or concert ticket,Entertainment,-128.07,Debit,27299.69
4680,112,17-05-2024,Grocery shopping,Groceries,442.31,Credit,27742
4681,530,15-01-2024,Movie or concert ticket,Entertainment,61.09,Credit,27803.09
4682,68,08-02-2024,Restaurant bill,Dining Out,-82.74,Debit,27720.35
4683,132,16-09-2023,Uber ride or fuel,Transport,263.15,Credit,27983.5
4684,919,12-08-2024,Utility bill payment,Utilities,-159.8,Debit,27823.7
4685,981,01-09-2023,Transferred to savings account,Savings,34.53,Credit,27858.23
4686,93,05-01-2024,Movie or concert ticket,Entertainment,98.47,Credit,27956.7
4687,812,05-02-2024,Utility bill payment,Utilities,-292.29,Debit,27664.41
4688,66,06-01-2024,Doctor visit or medication,Healthcare,-310.49,Debit,27353.92
4689,530,10-06-2024,Utility bill payment,Utilities,-379.12,Debit,26974.8
4690,50,17-04-2024,Monthly rent payment,Rent,11.48,Credit,26986.28
4691,127,25-10-2023,Movie or concert ticket,Entertainment,113.68,Credit,27099.96
4692,853,02-09-2023,Utility bill payment,Utilities,-235.68,Debit,26864.28
4693,395,03-06-2024,Grocery shopping,Groceries,447.81,Credit,27312.09
4694,862,23-10-2023,Utility bill payment,Utilities,395.74,Credit,27707.83
4695,528,24-09-2023,Movie or concert ticket,Entertainment,-479.59,Debit,27228.24
4696,171,01-12-2023,Restaurant bill,Dining Out,181.1,Credit,27409.34
4697,575,05-10-2023,Grocery shopping,Groceries,231.65,Credit,27640.99
4698,153,27-08-2023,Movie or concert ticket,Entertainment,-264.09,Debit,27376.9
4699,751,13-04-2024,Uber ride or fuel,Transport,247.02,Credit,27623.92
4700,598,05-08-2024,Movie or concert ticket,Entertainment,-340.64,Debit,27283.28
4701,835,27-04-2024,Grocery shopping,Groceries,-125.47,Debit,27157.81
4702,583,03-06-2024,Movie or concert ticket,Entertainment,-55.05,Debit,27102.76
4703,555,09-06-2024,Restaurant bill,Dining Out,368.87,Credit,27471.63
4704,829,22-01-2024,Monthly rent payment,Rent,409.81,Credit,27881.44
4705,681,18-08-2023,Transferred to savings account,Savings,-459.96,Debit,27421.48
4706,897,05-10-2023,Grocery shopping,Groceries,-93.54,Debit,27327.94
4707,410,06-03-2024,Utility bill payment,Utilities,-482.85,Debit,26845.09
4708,409,20-03-2024,Monthly rent payment,Rent,-297.42,Debit,26547.67
4709,862,02-02-2024,Grocery shopping,Groceries,385.67,Credit,26933.34
4710,631,27-07-2024,Utility bill payment,Utilities,467.89,Credit,27401.23
4711,241,29-06-2024,Uber ride or fuel,Transport,-117.76,Debit,27283.47
4712,634,25-04-2024,Grocery shopping,Groceries,52.15,Credit,27335.62
4713,962,21-10-2023,Transferred to savings account,Savings,-381.32,Debit,26954.3
4714,865,07-01-2024,Transferred to savings account,Savings,-98.3,Debit,26856
4715,378,19-11-2023,Monthly rent payment,Rent,132.98,Credit,26988.98
4716,556,12-09-2023,Uber ride or fuel,Transport,211.18,Credit,27200.16
4717,360,24-07-2024,Movie or concert ticket,Entertainment,237.1,Credit,27437.26
4718,832,10-06-2024,Uber ride or fuel,Transport,-381.91,Debit,27055.35
4719,785,03-02-2024,Doctor visit or medication,Healthcare,-222.45,Debit,26832.9
4720,832,23-07-2024,Uber ride or fuel,Transport,-196.42,Debit,26636.48
4721,599,14-12-2023,Transferred to savings account,Savings,-90.17,Debit,26546.31
4722,704,20-08-2023,Transferred to savings account,Savings,-137.06,Debit,26409.25
4723,111,09-01-2024,Monthly rent payment,Rent,126.71,Credit,26535.96
4724,712,25-05-2024,Doctor visit or medication,Healthcare,395.84,Credit,26931.8
4725,893,30-05-2024,Restaurant bill,Dining Out,-36.79,Debit,26895.01
4726,755,20-11-2023,Grocery shopping,Groceries,170.07,Credit,27065.08
4727,837,28-08-2023,Movie or concert ticket,Entertainment,-102.24,Debit,26962.84
4728,176,15-10-2023,Utility bill payment,Utilities,197,Credit,27159.84
4729,349,20-07-2024,Utility bill payment,Utilities,-34.42,Debit,27125.42
4730,509,03-04-2024,Uber ride or fuel,Transport,-352.76,Debit,26772.66
4731,194,10-05-2024,Grocery shopping,Groceries,-13.01,Debit,26759.65
4732,99,28-01-2024,Uber ride or fuel,Transport,273.96,Credit,27033.61
4733,151,04-02-2024,Uber ride or fuel,Transport,-448.15,Debit,26585.46
4734,875,05-07-2024,Transferred to savings account,Savings,-263.42,Debit,26322.04
4735,707,24-03-2024,Utility bill payment,Utilities,-457.51,Debit,25864.53
4736,926,28-07-2024,Doctor visit or medication,Healthcare,-85.44,Debit,25779.09
4737,542,28-02-2024,Utility bill payment,Utilities,-105.08,Debit,25674.01
4738,192,29-10-2023,Utility bill payment,Utilities,356.72,Credit,26030.73
4739,125,07-08-2024,Doctor visit or medication,Healthcare,286.44,Credit,26317.17
4740,992,14-01-2024,Transferred to savings account,Savings,-161.62,Debit,26155.55
4741,902,03-03-2024,Restaurant bill,Dining Out,-189.7,Debit,25965.85
4742,494,08-01-2024,Transferred to savings account,Savings,-222.05,Debit,25743.8
4743,967,26-12-2023,Utility bill payment,Utilities,480.65,Credit,26224.45
4744,496,12-02-2024,Uber ride or fuel,Transport,-450.77,Debit,25773.68
4745,486,03-06-2024,Doctor visit or medication,Healthcare,-297.88,Debit,25475.8
4746,544,07-12-2023,Restaurant bill,Dining Out,464.41,Credit,25940.21
4747,623,31-05-2024,Monthly rent payment,Rent,-242.37,Debit,25697.84
4748,791,03-07-2024,Monthly rent payment,Rent,-391.72,Debit,25306.12
4749,151,11-10-2023,Transferred to savings account,Savings,414.45,Credit,25720.57
4750,479,17-10-2023,Doctor visit or medication,Healthcare,68.94,Credit,25789.51
4751,675,12-01-2024,Monthly rent payment,Rent,-108.72,Debit,25680.79
4752,708,23-05-2024,Monthly rent payment,Rent,-462.55,Debit,25218.24
4753,291,08-11-2023,Doctor visit or medication,Healthcare,-209.98,Debit,25008.26
4754,623,02-08-2024,Uber ride or fuel,Transport,-303.4,Debit,24704.86
4755,357,25-02-2024,Grocery shopping,Groceries,202.59,Credit,24907.45
4756,293,09-12-2023,Utility bill payment,Utilities,-76.58,Debit,24830.87
4757,668,07-09-2023,Utility bill payment,Utilities,182.3,Credit,25013.17
4758,317,29-12-2023,Movie or concert ticket,Entertainment,374.22,Credit,25387.39
4759,936,09-06-2024,Restaurant bill,Dining Out,343.24,Credit,25730.63
4760,165,01-02-2024,Transferred to savings account,Savings,-390.03,Debit,25340.6
4761,878,09-12-2023,Movie or concert ticket,Entertainment,-273.66,Debit,25066.94
4762,75,15-04-2024,Transferred to savings account,Savings,-443.93,Debit,24623.01
4763,730,08-07-2024,Movie or concert ticket,Entertainment,-420.08,Debit,24202.93
4764,602,18-10-2023,Transferred to savings account,Savings,-304.79,Debit,23898.14
4765,582,16-09-2023,Doctor visit or medication,Healthcare,-35.91,Debit,23862.23
4766,891,31-01-2024,Restaurant bill,Dining Out,-141.91,Debit,23720.32
4767,79,25-02-2024,Doctor visit or medication,Healthcare,-188.1,Debit,23532.22
4768,681,02-09-2023,Grocery shopping,Groceries,-60.94,Debit,23471.28
4769,982,08-07-2024,Transferred to savings account,Savings,205.77,Credit,23677.05
4770,531,12-12-2023,Monthly rent payment,Rent,451.22,Credit,24128.27
4771,62,13-07-2024,Uber ride or fuel,Transport,115.35,Credit,24243.62
4772,85,25-04-2024,Transferred to savings account,Savings,-418,Debit,23825.62
4773,262,16-11-2023,Grocery shopping,Groceries,-44.57,Debit,23781.05
4774,952,11-05-2024,Doctor visit or medication,Healthcare,-103.27,Debit,23677.78
4775,714,14-05-2024,Restaurant bill,Dining Out,73.93,Credit,23751.71
4776,45,11-11-2023,Grocery shopping,Groceries,-176.86,Debit,23574.85
4777,784,25-03-2024,Doctor visit or medication,Healthcare,375.28,Credit,23950.13
4778,579,26-07-2024,Transferred to savings account,Savings,150.82,Credit,24100.95
4779,337,28-10-2023,Doctor visit or medication,Healthcare,467.52,Credit,24568.47
4780,861,24-04-2024,Transferred to savings account,Savings,-325.93,Debit,24242.54
4781,104,05-02-2024,Restaurant bill,Dining Out,-68.22,Debit,24174.32
4782,652,21-03-2024,Grocery shopping,Groceries,311.76,Credit,24486.08
4783,81,24-11-2023,Monthly rent payment,Rent,404.58,Credit,24890.66
4784,654,15-01-2024,Movie or concert ticket,Entertainment,-461.84,Debit,24428.82
4785,534,28-03-2024,Utility bill payment,Utilities,-391.99,Debit,24036.83
4786,624,20-03-2024,Restaurant bill,Dining Out,260.26,Credit,24297.09
4787,723,01-09-2023,Grocery shopping,Groceries,53.93,Credit,24351.02
4788,597,04-07-2024,Movie or concert ticket,Entertainment,181.06,Credit,24532.08
4789,157,09-12-2023,Movie or concert ticket,Entertainment,9.88,Credit,24541.96
4790,870,12-10-2023,Transferred to savings account,Savings,8.77,Credit,24550.73
4791,854,07-12-2023,Transferred to savings account,Savings,-104.33,Debit,24446.4
4792,353,10-06-2024,Utility bill payment,Utilities,-154.96,Debit,24291.44
4793,279,04-07-2024,Transferred to savings account,Savings,19.97,Credit,24311.41
4794,231,11-09-2023,Utility bill payment,Utilities,-476.99,Debit,23834.42
4795,254,24-12-2023,Restaurant bill,Dining Out,-165.84,Debit,23668.58
4796,480,08-03-2024,Transferred to savings account,Savings,158.76,Credit,23827.34
4797,747,11-04-2024,Doctor visit or medication,Healthcare,-301.28,Debit,23526.06
4798,371,28-02-2024,Restaurant bill,Dining Out,-315.96,Debit,23210.1
4799,712,19-01-2024,Transferred to savings account,Savings,-206.55,Debit,23003.55
4800,626,03-12-2023,Grocery shopping,Groceries,121.52,Credit,23125.07
4801,114,17-06-2024,Restaurant bill,Dining Out,155.66,Credit,23280.73
4802,484,14-06-2024,Utility bill payment,Utilities,100.74,Credit,23381.47
4803,615,13-12-2023,Monthly rent payment,Rent,381.32,Credit,23762.79
4804,605,10-02-2024,Uber ride or fuel,Transport,-481.4,Debit,23281.39
4805,774,22-03-2024,Transferred to savings account,Savings,-388.02,Debit,22893.37
4806,196,28-11-2023,Uber ride or fuel,Transport,-384.07,Debit,22509.3
4807,916,22-03-2024,Uber ride or fuel,Transport,-204.14,Debit,22305.16
4808,21,10-05-2024,Utility bill payment,Utilities,407.18,Credit,22712.34
4809,867,14-03-2024,Grocery shopping,Groceries,141.7,Credit,22854.04
4810,544,31-07-2024,Grocery shopping,Groceries,-368.07,Debit,22485.97
4811,425,30-12-2023,Uber ride or fuel,Transport,427.93,Credit,22913.9
4812,743,09-12-2023,Monthly rent payment,Rent,283.89,Credit,23197.79
4813,582,15-05-2024,Restaurant bill,Dining Out,424.47,Credit,23622.26
4814,199,24-01-2024,Transferred to savings account,Savings,-171.4,Debit,23450.86
4815,722,11-04-2024,Monthly rent payment,Rent,303.88,Credit,23754.74
4816,294,09-06-2024,Transferred to savings account,Savings,132.06,Credit,23886.8
4817,776,27-02-2024,Restaurant bill,Dining Out,-341.54,Debit,23545.26
4818,339,22-12-2023,Movie or concert ticket,Entertainment,150.87,Credit,23696.13
4819,198,13-03-2024,Uber ride or fuel,Transport,-438.21,Debit,23257.92
4820,376,07-01-2024,Transferred to savings account,Savings,46.8,Credit,23304.72
4821,265,04-05-2024,Utility bill payment,Utilities,-114.22,Debit,23190.5
4822,191,26-02-2024,Transferred to savings account,Savings,-462.63,Debit,22727.87
4823,38,24-10-2023,Movie or concert ticket,Entertainment,357.13,Credit,23085
4824,115,15-08-2023,Doctor visit or medication,Healthcare,-76.49,Debit,23008.51
4825,452,28-10-2023,Doctor visit or medication,Healthcare,-472.89,Debit,22535.62
4826,55,17-04-2024,Restaurant bill,Dining Out,-465.03,Debit,22070.59
4827,89,09-08-2024,Doctor visit or medication,Healthcare,421.16,Credit,22491.75
4828,909,05-07-2024,Movie or concert ticket,Entertainment,345.54,Credit,22837.29
4829,955,04-10-2023,Movie or concert ticket,Entertainment,183.64,Credit,23020.93
4830,690,17-01-2024,Movie or concert ticket,Entertainment,38.07,Credit,23059
4831,662,14-10-2023,Uber ride or fuel,Transport,-407.04,Debit,22651.96
4832,513,27-11-2023,Movie or concert ticket,Entertainment,-142.01,Debit,22509.95
4833,921,11-11-2023,Grocery shopping,Groceries,147.43,Credit,22657.38
4834,502,28-03-2024,Monthly rent payment,Rent,418.21,Credit,23075.59
4835,853,10-01-2024,Movie or concert ticket,Entertainment,95.02,Credit,23170.61
4836,236,07-11-2023,Uber ride or fuel,Transport,189.35,Credit,23359.96
4837,26,02-07-2024,Doctor visit or medication,Healthcare,-68.69,Debit,23291.27
4838,958,01-02-2024,Utility bill payment,Utilities,57.27,Credit,23348.54
4839,117,10-06-2024,Monthly rent payment,Rent,-75.39,Debit,23273.15
4840,497,07-05-2024,Utility bill payment,Utilities,297.09,Credit,23570.24
4841,898,14-03-2024,Monthly rent payment,Rent,-431.28,Debit,23138.96
4842,664,07-10-2023,Monthly rent payment,Rent,190.58,Credit,23329.54
4843,619,08-11-2023,Restaurant bill,Dining Out,331.51,Credit,23661.05
4844,854,26-12-2023,Movie or concert ticket,Entertainment,-207.65,Debit,23453.4
4845,777,27-10-2023,Restaurant bill,Dining Out,-18.42,Debit,23434.98
4846,269,16-11-2023,Doctor visit or medication,Healthcare,369.07,Credit,23804.05
4847,855,01-07-2024,Movie or concert ticket,Entertainment,171.18,Credit,23975.23
4848,171,16-01-2024,Transferred to savings account,Savings,175.91,Credit,24151.14
4849,277,05-01-2024,Grocery shopping,Groceries,150.45,Credit,24301.59
4850,988,17-06-2024,Utility bill payment,Utilities,296.61,Credit,24598.2
4851,305,17-07-2024,Restaurant bill,Dining Out,-423.47,Debit,24174.73
4852,792,30-08-2023,Uber ride or fuel,Transport,-96.6,Debit,24078.13
4853,252,05-04-2024,Restaurant bill,Dining Out,467.99,Credit,24546.12
4854,617,19-04-2024,Doctor visit or medication,Healthcare,297.69,Credit,24843.81
4855,965,11-04-2024,Transferred to savings account,Savings,52.76,Credit,24896.57
4856,785,18-03-2024,Grocery shopping,Groceries,392.89,Credit,25289.46
4857,972,05-05-2024,Uber ride or fuel,Transport,49.03,Credit,25338.49
4858,46,28-03-2024,Utility bill payment,Utilities,-396.16,Debit,24942.33
4859,179,17-07-2024,Utility bill payment,Utilities,-114.64,Debit,24827.69
4860,616,08-04-2024,Uber ride or fuel,Transport,-197.66,Debit,24630.03
4861,873,13-09-2023,Grocery shopping,Groceries,133.65,Credit,24763.68
4862,219,08-09-2023,Doctor visit or medication,Healthcare,232.97,Credit,24996.65
4863,725,20-06-2024,Monthly rent payment,Rent,268.48,Credit,25265.13
4864,934,01-04-2024,Movie or concert ticket,Entertainment,-159.54,Debit,25105.59
4865,874,26-03-2024,Uber ride or fuel,Transport,-265.19,Debit,24840.4
4866,531,03-10-2023,Utility bill payment,Utilities,230.3,Credit,25070.7
4867,376,31-12-2023,Transferred to savings account,Savings,397.07,Credit,25467.77
4868,148,24-10-2023,Monthly rent payment,Rent,257.93,Credit,25725.7
4869,641,29-08-2023,Transferred to savings account,Savings,-423.24,Debit,25302.46
4870,29,08-09-2023,Monthly rent payment,Rent,419.97,Credit,25722.43
4871,836,15-01-2024,Doctor visit or medication,Healthcare,221.46,Credit,25943.89
4872,351,08-09-2023,Transferred to savings account,Savings,-167.36,Debit,25776.53
4873,874,17-01-2024,Grocery shopping,Groceries,303.87,Credit,26080.4
4874,179,07-05-2024,Movie or concert ticket,Entertainment,-427.71,Debit,25652.69
4875,616,04-09-2023,Transferred to savings account,Savings,-135.77,Debit,25516.92
4876,287,21-10-2023,Doctor visit or medication,Healthcare,-456.03,Debit,25060.89
4877,612,21-05-2024,Utility bill payment,Utilities,-178.71,Debit,24882.18
4878,724,04-01-2024,Monthly rent payment,Rent,261.21,Credit,25143.39
4879,281,05-02-2024,Movie or concert ticket,Entertainment,349.41,Credit,25492.8
4880,220,15-03-2024,Doctor visit or medication,Healthcare,-223.91,Debit,25268.89
4881,260,03-05-2024,Monthly rent payment,Rent,-240.36,Debit,25028.53
4882,480,01-07-2024,Restaurant bill,Dining Out,267.15,Credit,25295.68
4883,928,08-06-2024,Utility bill payment,Utilities,125.24,Credit,25420.92
4884,282,13-10-2023,Grocery shopping,Groceries,-292.6,Debit,25128.32
4885,239,10-07-2024,Utility bill payment,Utilities,-99.42,Debit,25028.9
4886,883,16-11-2023,Doctor visit or medication,Healthcare,-196.68,Debit,24832.22
4887,323,13-09-2023,Monthly rent payment,Rent,23.15,Credit,24855.37
4888,814,08-01-2024,Restaurant bill,Dining Out,-484.24,Debit,24371.13
4889,434,25-10-2023,Monthly rent payment,Rent,-77.36,Debit,24293.77
4890,521,16-02-2024,Monthly rent payment,Rent,218.98,Credit,24512.75
4891,523,15-11-2023,Uber ride or fuel,Transport,258.64,Credit,24771.39
4892,714,17-04-2024,Restaurant bill,Dining Out,223.14,Credit,24994.53
4893,158,13-06-2024,Doctor visit or medication,Healthcare,-434.16,Debit,24560.37
4894,541,30-01-2024,Doctor visit or medication,Healthcare,-332.43,Debit,24227.94
4895,85,04-03-2024,Utility bill payment,Utilities,434.5,Credit,24662.44
4896,134,29-10-2023,Uber ride or fuel,Transport,-494.36,Debit,24168.08
4897,658,27-01-2024,Uber ride or fuel,Transport,403.38,Credit,24571.46
4898,336,11-09-2023,Doctor visit or medication,Healthcare,398.56,Credit,24970.02
4899,162,29-10-2023,Restaurant bill,Dining Out,-299.96,Debit,24670.06
4900,531,31-08-2023,Monthly rent payment,Rent,-432.37,Debit,24237.69
4901,230,08-03-2024,Monthly rent payment,Rent,152.57,Credit,24390.26
4902,647,16-07-2024,Doctor visit or medication,Healthcare,-417.39,Debit,23972.87
4903,885,10-09-2023,Monthly rent payment,Rent,-497.11,Debit,23475.76
4904,157,22-08-2023,Monthly rent payment,Rent,-268.48,Debit,23207.28
4905,666,20-07-2024,Monthly rent payment,Rent,-139.01,Debit,23068.27
4906,190,04-09-2023,Grocery shopping,Groceries,-318.69,Debit,22749.58
4907,37,14-05-2024,Uber ride or fuel,Transport,-412.77,Debit,22336.81
4908,626,06-10-2023,Movie or concert ticket,Entertainment,-140.76,Debit,22196.05
4909,826,02-11-2023,Restaurant bill,Dining Out,80.44,Credit,22276.49
4910,797,28-01-2024,Movie or concert ticket,Entertainment,180.53,Credit,22457.02
4911,447,28-10-2023,Uber ride or fuel,Transport,115.78,Credit,22572.8
4912,604,13-02-2024,Grocery shopping,Groceries,130.07,Credit,22702.87
4913,459,19-08-2023,Doctor visit or medication,Healthcare,104.03,Credit,22806.9
4914,270,17-02-2024,Transferred to savings account,Savings,107.39,Credit,22914.29
4915,70,16-11-2023,Transferred to savings account,Savings,-125.4,Debit,22788.89
4916,812,18-04-2024,Doctor visit or medication,Healthcare,322.17,Credit,23111.06
4917,307,23-03-2024,Doctor visit or medication,Healthcare,289.43,Credit,23400.49
4918,212,12-09-2023,Monthly rent payment,Rent,433.69,Credit,23834.18
4919,925,31-01-2024,Doctor visit or medication,Healthcare,91.39,Credit,23925.57
4920,368,14-08-2023,Restaurant bill,Dining Out,131.05,Credit,24056.62
4921,65,09-09-2023,Movie or concert ticket,Entertainment,-125.6,Debit,23931.02
4922,850,10-02-2024,Uber ride or fuel,Transport,123.78,Credit,24054.8
4923,140,13-11-2023,Transferred to savings account,Savings,-323.12,Debit,23731.68
4924,685,10-12-2023,Transferred to savings account,Savings,256.47,Credit,23988.15
4925,593,25-12-2023,Doctor visit or medication,Healthcare,-397.73,Debit,23590.42
4926,222,23-02-2024,Uber ride or fuel,Transport,286.93,Credit,23877.35
4927,462,03-10-2023,Uber ride or fuel,Transport,282.79,Credit,24160.14
4928,85,30-01-2024,Doctor visit or medication,Healthcare,148.25,Credit,24308.39
4929,684,31-08-2023,Movie or concert ticket,Entertainment,-338.96,Debit,23969.43
4930,942,29-08-2023,Doctor visit or medication,Healthcare,153.44,Credit,24122.87
4931,938,29-10-2023,Movie or concert ticket,Entertainment,241.2,Credit,24364.07
4932,250,27-11-2023,Uber ride or fuel,Transport,273.18,Credit,24637.25
4933,41,26-01-2024,Uber ride or fuel,Transport,394.37,Credit,25031.62
4934,328,21-08-2023,Uber ride or fuel,Transport,-55.77,Debit,24975.85
4935,362,08-04-2024,Transferred to savings account,Savings,-487.68,Debit,24488.17
4936,467,09-03-2024,Utility bill payment,Utilities,-328.35,Debit,24159.82
4937,392,01-04-2024,Utility bill payment,Utilities,-407.31,Debit,23752.51
4938,304,01-01-2024,Grocery shopping,Groceries,-411.17,Debit,23341.34
4939,25,12-11-2023,Monthly rent payment,Rent,-377.14,Debit,22964.2
4940,918,17-06-2024,Monthly rent payment,Rent,55.08,Credit,23019.28
4941,992,26-04-2024,Monthly rent payment,Rent,-434.43,Debit,22584.85
4942,781,03-07-2024,Uber ride or fuel,Transport,48.9,Credit,22633.75
4943,559,26-10-2023,Doctor visit or medication,Healthcare,296.55,Credit,22930.3
4944,948,26-06-2024,Grocery shopping,Groceries,-313.35,Debit,22616.95
4945,588,27-05-2024,Restaurant bill,Dining Out,-121.25,Debit,22495.7
4946,590,05-01-2024,Utility bill payment,Utilities,-430.79,Debit,22064.91
4947,811,09-05-2024,Utility bill payment,Utilities,416.39,Credit,22481.3
4948,165,21-11-2023,Grocery shopping,Groceries,-377.88,Debit,22103.42
4949,939,08-09-2023,Grocery shopping,Groceries,-59.79,Debit,22043.63
4950,934,29-06-2024,Doctor visit or medication,Healthcare,-82.69,Debit,21960.94
4951,352,06-11-2023,Doctor visit or medication,Healthcare,165.52,Credit,22126.46
4952,945,17-10-2023,Doctor visit or medication,Healthcare,266.25,Credit,22392.71
4953,75,15-05-2024,Utility bill payment,Utilities,186.53,Credit,22579.24
4954,788,05-05-2024,Monthly rent payment,Rent,456.45,Credit,23035.69
4955,596,29-09-2023,Restaurant bill,Dining Out,-130.46,Debit,22905.23
4956,523,05-10-2023,Uber ride or fuel,Transport,-378.06,Debit,22527.17
4957,96,07-10-2023,Transferred to savings account,Savings,-216.1,Debit,22311.07
4958,33,28-03-2024,Restaurant bill,Dining Out,-363.24,Debit,21947.83
4959,164,22-12-2023,Monthly rent payment,Rent,-229.35,Debit,21718.48
4960,243,21-05-2024,Uber ride or fuel,Transport,-447.14,Debit,21271.34
4961,161,26-08-2023,Grocery shopping,Groceries,-499.74,Debit,20771.6
4962,154,02-07-2024,Restaurant bill,Dining Out,452.41,Credit,21224.01
4963,219,08-09-2023,Restaurant bill,Dining Out,-494.84,Debit,20729.17
4964,112,01-02-2024,Utility bill payment,Utilities,-131.22,Debit,20597.95
4965,173,13-02-2024,Uber ride or fuel,Transport,-383.96,Debit,20213.99
4966,603,23-07-2024,Monthly rent payment,Rent,-115.83,Debit,20098.16
4967,977,07-02-2024,Monthly rent payment,Rent,50.18,Credit,20148.34
4968,593,28-12-2023,Transferred to savings account,Savings,319.81,Credit,20468.15
4969,652,03-03-2024,Doctor visit or medication,Healthcare,-274.97,Debit,20193.18
4970,48,10-07-2024,Uber ride or fuel,Transport,-242.3,Debit,19950.88
4971,73,13-04-2024,Uber ride or fuel,Transport,-77.53,Debit,19873.35
4972,391,16-04-2024,Transferred to savings account,Savings,239.86,Credit,20113.21
4973,554,28-10-2023,Uber ride or fuel,Transport,-420.53,Debit,19692.68
4974,731,05-01-2024,Utility bill payment,Utilities,-139.32,Debit,19553.36
4975,557,03-11-2023,Monthly rent payment,Rent,169.68,Credit,19723.04
4976,727,20-10-2023,Doctor visit or medication,Healthcare,-420.87,Debit,19302.17
4977,467,10-11-2023,Movie or concert ticket,Entertainment,-80.94,Debit,19221.23
4978,101,28-08-2023,Restaurant bill,Dining Out,-485.87,Debit,18735.36
4979,289,02-03-2024,Grocery shopping,Groceries,-243.07,Debit,18492.29
4980,8,03-07-2024,Transferred to savings account,Savings,256.15,Credit,18748.44
4981,113,01-07-2024,Transferred to savings account,Savings,284.38,Credit,19032.82
4982,352,27-08-2023,Restaurant bill,Dining Out,-224.6,Debit,18808.22
4983,944,23-07-2024,Transferred to savings account,Savings,-282.4,Debit,18525.82
4984,136,22-11-2023,Uber ride or fuel,Transport,-9.64,Debit,18516.18
4985,963,20-09-2023,Monthly rent payment,Rent,71.92,Credit,18588.1
4986,921,03-08-2024,Monthly rent payment,Rent,287.15,Credit,18875.25
4987,131,17-06-2024,Uber ride or fuel,Transport,-198.09,Debit,18677.16
4988,355,23-11-2023,Restaurant bill,Dining Out,-371.89,Debit,18305.27
4989,283,05-10-2023,Doctor visit or medication,Healthcare,201.48,Credit,18506.75
4990,157,18-12-2023,Movie or concert ticket,Entertainment,-53.91,Debit,18452.84
4991,207,27-07-2024,Transferred to savings account,Savings,-171.25,Debit,18281.59
4992,464,08-03-2024,Grocery shopping,Groceries,82.08,Credit,18363.67
4993,559,26-03-2024,Uber ride or fuel,Transport,-187.85,Debit,18175.82
4994,473,08-05-2024,Utility bill payment,Utilities,201.22,Credit,18377.04
4995,629,02-03-2024,Movie or concert ticket,Entertainment,216.42,Credit,18593.46
4996,659,22-10-2023,Grocery shopping,Groceries,340.74,Credit,18934.2
4997,707,05-07-2024,Restaurant bill,Dining Out,161.91,Credit,19096.11
4998,141,01-09-2023,Uber ride or fuel,Transport,427.4,Credit,19523.51
4999,404,27-11-2023,Movie or concert ticket,Entertainment,286.75,Credit,19810.26
5000,351,13-07-2024,Restaurant bill,Dining Out,-477.06,Debit,19333.2
